symbol,date,pe,peg,sales_multiple,eps,eps_growth_pct,net_income,sales,sales_growth_pct
AAPL,1980-12-31,10.8,1.0,1.08,0.6,,600.0,500.0,
AAPL,1981-01-31,10.8,1.0,1.08,0.6,0.0,600.0,500.0,0.0
AAPL,1981-02-28,10.8,1.0,1.08,0.6,0.0,600.0,500.0,0.0
AAPL,1981-03-31,10.8,1.0,1.08,0.6,0.0,600.0,500.0,0.0
AAPL,1981-04-30,10.8,1.0,1.08,0.6,0.0,600.0,500.0,0.0
AAPL,1981-05-31,10.8,1.0,1.08,0.6,0.0,600.0,500.0,0.0
AAPL,1981-06-30,10.8,1.0,1.08,0.6,0.0,600.0,500.0,0.0
AAPL,1981-07-31,10.8,1.0,1.08,0.6,0.0,600.0,500.0,0.0
AAPL,1981-08-31,10.8,1.0,1.08,0.6,0.0,600.0,500.0,0.0
AAPL,1981-09-30,10.8,1.0,1.08,0.6,0.0,600.0,500.0,0.0
AAPL,1981-10-31,10.8,1.0,1.08,0.6,0.0,600.0,500.0,0.0
AAPL,1981-11-30,10.8,1.0,1.08,0.6,0.0,600.0,500.0,0.0
AAPL,1981-12-31,10.8,1.0,1.08,0.6,0.0,600.0,500.0,0.0
AAPL,1982-01-31,10.8,1.0,1.08,0.6,0.0,600.0,500.0,0.0
AAPL,1982-02-28,10.8,1.0,1.08,0.6,0.0,600.0,500.0,0.0
AAPL,1982-03-31,10.8,1.0,1.08,0.6,0.0,600.0,500.0,0.0
AAPL,1982-04-30,10.8,1.0,1.08,0.6,0.0,600.0,500.0,0.0
AAPL,1982-05-31,10.8,1.0,1.08,0.6,0.0,600.0,500.0,0.0
AAPL,1982-06-30,10.8,1.0,1.08,0.6,0.0,600.0,500.0,0.0
AAPL,1982-07-31,10.8,1.0,1.08,0.6,0.0,600.0,500.0,0.0
AAPL,1982-08-31,10.8,1.0,1.08,0.6,0.0,600.0,500.0,0.0
AAPL,1982-09-30,10.8,1.0,1.08,0.6,0.0,600.0,500.0,0.0
AAPL,1982-10-31,10.8,1.0,1.08,0.6,0.0,600.0,500.0,0.0
AAPL,1982-11-30,10.8,1.0,1.08,0.6,0.0,600.0,500.0,0.0
AAPL,1982-12-31,10.8,1.0,1.08,0.6,0.0,600.0,500.0,0.0
AAPL,1983-01-31,10.8,1.0,1.08,0.6,0.0,600.0,500.0,0.0
AAPL,1983-02-28,10.8,1.0,1.08,0.6,0.0,600.0,500.0,0.0
AAPL,1983-03-31,10.8,1.0,1.08,0.6,0.0,600.0,500.0,0.0
AAPL,1983-04-30,10.8,1.0,1.08,0.6,0.0,600.0,500.0,0.0
AAPL,1983-05-31,10.8,1.0,1.08,0.6,0.0,600.0,500.0,0.0
AAPL,1983-06-30,10.8,1.0,1.08,0.6,0.0,600.0,500.0,0.0
AAPL,1983-07-31,10.8,1.0,1.08,0.6,0.0,600.0,500.0,0.0
AAPL,1983-08-31,10.8,1.0,1.08,0.6,0.0,600.0,500.0,0.0
AAPL,1983-09-30,10.8,1.0,1.08,0.6,0.0,600.0,500.0,0.0
AAPL,1983-10-31,10.8,1.0,1.08,0.6,0.0,600.0,500.0,0.0
AAPL,1983-11-30,10.8,1.0,1.08,0.6,0.0,600.0,500.0,0.0
AAPL,1983-12-31,10.8,1.0,1.08,0.6,0.0,600.0,500.0,0.0
AAPL,1984-01-31,10.8,1.0,1.08,0.6,0.0,600.0,500.0,0.0
AAPL,1984-02-29,10.8,1.0,1.08,0.6,0.0,600.0,500.0,0.0
AAPL,1984-03-31,10.8,1.0,1.08,0.6,0.0,600.0,500.0,0.0
AAPL,1984-04-30,10.8,1.0,1.08,0.6,0.0,600.0,500.0,0.0
AAPL,1984-05-31,10.8,1.0,1.08,0.6,0.0,600.0,500.0,0.0
AAPL,1984-06-30,10.8,1.0,1.08,0.6,0.0,600.0,500.0,0.0
AAPL,1984-07-31,10.8,1.0,1.08,0.6,0.0,600.0,500.0,0.0
AAPL,1984-08-31,10.8,1.0,1.08,0.6,0.0,600.0,500.0,0.0
AAPL,1984-09-30,10.8,1.0,1.08,0.6,0.0,600.0,500.0,0.0
AAPL,1984-10-31,10.8,1.0,1.08,0.6,0.0,600.0,500.0,0.0
AAPL,1984-11-30,10.8,1.0,1.08,0.6,0.0,600.0,500.0,0.0
AAPL,1984-12-31,10.8,1.0,1.08,0.6,0.0,600.0,500.0,0.0
AAPL,1985-01-31,10.8,1.0,1.08,0.6,0.0,600.0,500.0,0.0
AAPL,1985-02-28,10.8,1.0,1.08,0.6,0.0,600.0,500.0,0.0
AAPL,1985-03-31,10.8,1.0,1.08,0.6,0.0,600.0,500.0,0.0
AAPL,1985-04-30,10.8,1.0,1.08,0.6,0.0,600.0,500.0,0.0
AAPL,1985-05-31,10.8,1.0,1.08,0.6,0.0,600.0,500.0,0.0
AAPL,1985-06-30,10.8,1.0,1.08,0.6,0.0,600.0,500.0,0.0
AAPL,1985-07-31,10.8,1.0,1.08,0.6,0.0,600.0,500.0,0.0
AAPL,1985-08-31,10.8,1.0,1.08,0.6,0.0,600.0,500.0,0.0
AAPL,1985-09-30,10.8,1.0,1.08,0.6,0.0,600.0,500.0,0.0
AAPL,1985-10-31,10.8,1.0,1.08,0.6,0.0,600.0,500.0,0.0
AAPL,1985-11-30,10.8,1.0,1.08,0.6,0.0,600.0,500.0,0.0
AAPL,1985-12-31,10.8,1.0,1.08,0.6,0.0,600.0,500.0,0.0
AAPL,1986-01-31,10.8,1.0,1.08,0.6,0.0,600.0,500.0,0.0
AAPL,1986-02-28,10.8,1.0,1.08,0.6,0.0,600.0,500.0,0.0
AAPL,1986-03-31,10.8,1.0,1.08,0.6,0.0,600.0,500.0,0.0
AAPL,1986-04-30,10.8,1.0,1.08,0.6,0.0,600.0,500.0,0.0
AAPL,1986-05-31,10.8,1.0,1.08,0.6,0.0,600.0,500.0,0.0
AAPL,1986-06-30,10.8,1.0,1.08,0.6,0.0,600.0,500.0,0.0
AAPL,1986-07-31,10.8,1.0,1.08,0.6,0.0,600.0,500.0,0.0
AAPL,1986-08-31,10.8,1.0,1.08,0.6,0.0,600.0,500.0,0.0
AAPL,1986-09-30,10.8,1.0,1.08,0.6,0.0,600.0,500.0,0.0
AAPL,1986-10-31,10.8,1.0,1.08,0.6,0.0,600.0,500.0,0.0
AAPL,1986-11-30,10.8,1.0,1.08,0.6,0.0,600.0,500.0,0.0
AAPL,1986-12-31,10.8,1.0,1.08,0.6,0.0,600.0,500.0,0.0
AAPL,1987-01-31,10.8,1.0,1.08,0.6,0.0,600.0,500.0,0.0
AAPL,1987-02-28,10.8,1.0,1.08,0.6,0.0,600.0,500.0,0.0
AAPL,1987-03-31,10.8,1.0,1.08,0.6,0.0,600.0,500.0,0.0
AAPL,1987-04-30,10.8,1.0,1.08,0.6,0.0,600.0,500.0,0.0
AAPL,1987-05-31,10.8,1.0,1.08,0.6,0.0,600.0,500.0,0.0
AAPL,1987-06-30,10.8,1.0,1.08,0.6,0.0,600.0,500.0,0.0
AAPL,1987-07-31,10.8,1.0,1.08,0.6,0.0,600.0,500.0,0.0
AAPL,1987-08-31,10.8,1.0,1.08,0.6,0.0,600.0,500.0,0.0
AAPL,1987-09-30,10.8,1.0,1.08,0.6,0.0,600.0,500.0,0.0
AAPL,1987-10-31,10.8,1.0,1.08,0.6,0.0,600.0,500.0,0.0
AAPL,1987-11-30,10.8,1.0,1.08,0.6,0.0,600.0,500.0,0.0
AAPL,1987-12-31,10.8,1.0,1.08,0.6,0.0,600.0,500.0,0.0
AAPL,1988-01-31,10.8,1.0,1.08,0.6,0.0,600.0,500.0,0.0
AAPL,1988-02-29,10.8,1.0,1.08,0.6,0.0,600.0,500.0,0.0
AAPL,1988-03-31,10.8,1.0,1.08,0.6,0.0,600.0,500.0,0.0
AAPL,1988-04-30,10.8,1.0,1.08,0.6,0.0,600.0,500.0,0.0
AAPL,1988-05-31,10.8,1.0,1.08,0.6,0.0,600.0,500.0,0.0
AAPL,1988-06-30,10.8,1.0,1.08,0.6,0.0,600.0,500.0,0.0
AAPL,1988-07-31,10.8,1.0,1.08,0.6,0.0,600.0,500.0,0.0
AAPL,1988-08-31,10.8,1.0,1.08,0.6,0.0,600.0,500.0,0.0
AAPL,1988-09-30,10.8,1.0,1.08,0.6,0.0,600.0,500.0,0.0
AAPL,1988-10-31,10.8,1.0,1.08,0.6,0.0,600.0,500.0,0.0
AAPL,1988-11-30,10.8,1.0,1.08,0.6,0.0,600.0,500.0,0.0
AAPL,1988-12-31,10.8,1.0,1.08,0.6,0.0,600.0,500.0,0.0
AAPL,1989-01-31,10.8,1.0,1.08,0.6,0.0,600.0,500.0,0.0
AAPL,1989-02-28,10.8,1.0,1.08,0.6,0.0,600.0,500.0,0.0
AAPL,1989-03-31,10.8,1.0,1.08,0.6,0.0,600.0,500.0,0.0
AAPL,1989-04-30,10.8,1.0,1.08,0.6,0.0,600.0,500.0,0.0
AAPL,1989-05-31,10.8,1.0,1.08,0.6,0.0,600.0,500.0,0.0
AAPL,1989-06-30,10.8,1.0,1.08,0.6,0.0,600.0,500.0,0.0
AAPL,1989-07-31,10.8,1.0,1.08,0.6,0.0,600.0,500.0,0.0
AAPL,1989-08-31,10.8,1.0,1.08,0.6,0.0,600.0,500.0,0.0
AAPL,1989-09-30,10.8,1.0,1.08,0.6,0.0,600.0,500.0,0.0
AAPL,1989-10-31,10.8,1.0,1.08,0.6,0.0,600.0,500.0,0.0
AAPL,1989-11-30,10.8,1.0,1.08,0.6,0.0,600.0,500.0,0.0
AAPL,1989-12-31,10.8,1.0,1.08,0.6,0.0,600.0,500.0,0.0
AAPL,1990-01-31,12.0,1.0,1.2,1.0,66.66666666666667,1000.0,1000.0,100.0
AAPL,1990-02-28,12.0,1.0,1.2,1.0,0.0,1000.0,1000.0,0.0
AAPL,1990-03-31,12.0,1.0,1.2,1.0,0.0,1000.0,1000.0,0.0
AAPL,1990-04-30,12.0,1.0,1.2,1.0,0.0,1000.0,1000.0,0.0
AAPL,1990-05-31,12.0,1.0,1.2,1.0,0.0,1000.0,1000.0,0.0
AAPL,1990-06-30,12.0,1.0,1.2,1.0,0.0,1000.0,1000.0,0.0
AAPL,1990-07-31,12.0,1.0,1.2,1.0,0.0,1000.0,1000.0,0.0
AAPL,1990-08-31,12.0,1.0,1.2,1.0,0.0,1000.0,1000.0,0.0
AAPL,1990-09-30,12.0,1.0,1.2,1.0,0.0,1000.0,1000.0,0.0
AAPL,1990-10-31,12.0,1.0,1.2,1.0,0.0,1000.0,1000.0,0.0
AAPL,1990-11-30,12.0,1.0,1.2,1.0,0.0,1000.0,1000.0,0.0
AAPL,1990-12-31,12.0,1.0,1.2,1.0,0.0,1000.0,1000.0,0.0
AAPL,1991-01-31,12.0,1.0,1.2,1.0,0.0,1000.0,1000.0,0.0
AAPL,1991-02-28,12.0,1.0,1.2,1.0,0.0,1000.0,1000.0,0.0
AAPL,1991-03-31,12.0,1.0,1.2,1.0,0.0,1000.0,1000.0,0.0
AAPL,1991-04-30,12.0,1.0,1.2,1.0,0.0,1000.0,1000.0,0.0
AAPL,1991-05-31,12.0,1.0,1.2,1.0,0.0,1000.0,1000.0,0.0
AAPL,1991-06-30,12.0,1.0,1.2,1.0,0.0,1000.0,1000.0,0.0
AAPL,1991-07-31,12.0,1.0,1.2,1.0,0.0,1000.0,1000.0,0.0
AAPL,1991-08-31,12.0,1.0,1.2,1.0,0.0,1000.0,1000.0,0.0
AAPL,1991-09-30,12.0,1.0,1.2,1.0,0.0,1000.0,1000.0,0.0
AAPL,1991-10-31,12.0,1.0,1.2,1.0,0.0,1000.0,1000.0,0.0
AAPL,1991-11-30,12.0,1.0,1.2,1.0,0.0,1000.0,1000.0,0.0
AAPL,1991-12-31,12.0,1.0,1.2,1.0,0.0,1000.0,1000.0,0.0
AAPL,1992-01-31,12.0,1.0,1.2,1.0,0.0,1000.0,1000.0,0.0
AAPL,1992-02-29,12.0,1.0,1.2,1.0,0.0,1000.0,1000.0,0.0
AAPL,1992-03-31,12.0,1.0,1.2,1.0,0.0,1000.0,1000.0,0.0
AAPL,1992-04-30,12.0,1.0,1.2,1.0,0.0,1000.0,1000.0,0.0
AAPL,1992-05-31,12.0,1.0,1.2,1.0,0.0,1000.0,1000.0,0.0
AAPL,1992-06-30,12.0,1.0,1.2,1.0,0.0,1000.0,1000.0,0.0
AAPL,1992-07-31,12.0,1.0,1.2,1.0,0.0,1000.0,1000.0,0.0
AAPL,1992-08-31,12.0,1.0,1.2,1.0,0.0,1000.0,1000.0,0.0
AAPL,1992-09-30,12.0,1.0,1.2,1.0,0.0,1000.0,1000.0,0.0
AAPL,1992-10-31,12.0,1.0,1.2,1.0,0.0,1000.0,1000.0,0.0
AAPL,1992-11-30,12.0,1.0,1.2,1.0,0.0,1000.0,1000.0,0.0
AAPL,1992-12-31,12.0,1.0,1.2,1.0,0.0,1000.0,1000.0,0.0
AAPL,1993-01-31,12.0,1.0,1.2,1.0,0.0,1000.0,1000.0,0.0
AAPL,1993-02-28,12.0,1.0,1.2,1.0,0.0,1000.0,1000.0,0.0
AAPL,1993-03-31,12.0,1.0,1.2,1.0,0.0,1000.0,1000.0,0.0
AAPL,1993-04-30,12.0,1.0,1.2,1.0,0.0,1000.0,1000.0,0.0
AAPL,1993-05-31,12.0,1.0,1.2,1.0,0.0,1000.0,1000.0,0.0
AAPL,1993-06-30,12.0,1.0,1.2,1.0,0.0,1000.0,1000.0,0.0
AAPL,1993-07-31,12.0,1.0,1.2,1.0,0.0,1000.0,1000.0,0.0
AAPL,1993-08-31,12.0,1.0,1.2,1.0,0.0,1000.0,1000.0,0.0
AAPL,1993-09-30,12.0,1.0,1.2,1.0,0.0,1000.0,1000.0,0.0
AAPL,1993-10-31,12.0,1.0,1.2,1.0,0.0,1000.0,1000.0,0.0
AAPL,1993-11-30,12.0,1.0,1.2,1.0,0.0,1000.0,1000.0,0.0
AAPL,1993-12-31,12.0,1.0,1.2,1.0,0.0,1000.0,1000.0,0.0
AAPL,1994-01-31,12.0,1.0,1.2,1.0,0.0,1000.0,1000.0,0.0
AAPL,1994-02-28,12.0,1.0,1.2,1.0,0.0,1000.0,1000.0,0.0
AAPL,1994-03-31,12.0,1.0,1.2,1.0,0.0,1000.0,1000.0,0.0
AAPL,1994-04-30,12.0,1.0,1.2,1.0,0.0,1000.0,1000.0,0.0
AAPL,1994-05-31,12.0,1.0,1.2,1.0,0.0,1000.0,1000.0,0.0
AAPL,1994-06-30,12.0,1.0,1.2,1.0,0.0,1000.0,1000.0,0.0
AAPL,1994-07-31,12.0,1.0,1.2,1.0,0.0,1000.0,1000.0,0.0
AAPL,1994-08-31,12.0,1.0,1.2,1.0,0.0,1000.0,1000.0,0.0
AAPL,1994-09-30,12.0,1.0,1.2,1.0,0.0,1000.0,1000.0,0.0
AAPL,1994-10-31,12.0,1.0,1.2,1.0,0.0,1000.0,1000.0,0.0
AAPL,1994-11-30,12.0,1.0,1.2,1.0,0.0,1000.0,1000.0,0.0
AAPL,1994-12-31,12.0,1.0,1.2,1.0,0.0,1000.0,1000.0,0.0
AAPL,1995-01-31,12.0,1.0,1.2,1.0,0.0,1000.0,1000.0,0.0
AAPL,1995-02-28,12.0,1.0,1.2,1.0,0.0,1000.0,1000.0,0.0
AAPL,1995-03-31,12.0,1.0,1.2,1.0,0.0,1000.0,1000.0,0.0
AAPL,1995-04-30,12.0,1.0,1.2,1.0,0.0,1000.0,1000.0,0.0
AAPL,1995-05-31,12.0,1.0,1.2,1.0,0.0,1000.0,1000.0,0.0
AAPL,1995-06-30,12.0,1.0,1.2,1.0,0.0,1000.0,1000.0,0.0
AAPL,1995-07-31,12.0,1.0,1.2,1.0,0.0,1000.0,1000.0,0.0
AAPL,1995-08-31,12.0,1.0,1.2,1.0,0.0,1000.0,1000.0,0.0
AAPL,1995-09-30,12.0,1.0,1.2,1.0,0.0,1000.0,1000.0,0.0
AAPL,1995-10-31,12.0,1.0,1.2,1.0,0.0,1000.0,1000.0,0.0
AAPL,1995-11-30,12.0,1.0,1.2,1.0,0.0,1000.0,1000.0,0.0
AAPL,1995-12-31,12.0,1.0,1.2,1.0,0.0,1000.0,1000.0,0.0
AAPL,1996-01-31,12.0,1.0,1.2,1.0,0.0,1000.0,1000.0,0.0
AAPL,1996-02-29,12.0,1.0,1.2,1.0,0.0,1000.0,1000.0,0.0
AAPL,1996-03-31,12.0,1.0,1.2,1.0,0.0,1000.0,1000.0,0.0
AAPL,1996-04-30,12.0,1.0,1.2,1.0,0.0,1000.0,1000.0,0.0
AAPL,1996-05-31,12.0,1.0,1.2,1.0,0.0,1000.0,1000.0,0.0
AAPL,1996-06-30,12.0,1.0,1.2,1.0,0.0,1000.0,1000.0,0.0
AAPL,1996-07-31,12.0,1.0,1.2,1.0,0.0,1000.0,1000.0,0.0
AAPL,1996-08-31,12.0,1.0,1.2,1.0,0.0,1000.0,1000.0,0.0
AAPL,1996-09-30,12.0,1.0,1.2,1.0,0.0,1000.0,1000.0,0.0
AAPL,1996-10-31,12.0,1.0,1.2,1.0,0.0,1000.0,1000.0,0.0
AAPL,1996-11-30,12.0,1.0,1.2,1.0,0.0,1000.0,1000.0,0.0
AAPL,1996-12-31,12.0,1.0,1.2,1.0,0.0,1000.0,1000.0,0.0
AAPL,1997-01-31,12.0,1.0,1.2,1.0,0.0,1000.0,1000.0,0.0
AAPL,1997-02-28,12.0,1.0,1.2,1.0,0.0,1000.0,1000.0,0.0
AAPL,1997-03-31,12.0,1.0,1.2,1.0,0.0,1000.0,1000.0,0.0
AAPL,1997-04-30,12.0,1.0,1.2,1.0,0.0,1000.0,1000.0,0.0
AAPL,1997-05-31,12.0,1.0,1.2,1.0,0.0,1000.0,1000.0,0.0
AAPL,1997-06-30,12.0,1.0,1.2,1.0,0.0,1000.0,1000.0,0.0
AAPL,1997-07-31,12.0,1.0,1.2,1.0,0.0,1000.0,1000.0,0.0
AAPL,1997-08-31,12.0,1.0,1.2,1.0,0.0,1000.0,1000.0,0.0
AAPL,1997-09-30,12.0,1.0,1.2,1.0,0.0,1000.0,1000.0,0.0
AAPL,1997-10-31,12.0,1.0,1.2,1.0,0.0,1000.0,1000.0,0.0
AAPL,1997-11-30,12.0,1.0,1.2,1.0,0.0,1000.0,1000.0,0.0
AAPL,1997-12-31,12.0,1.0,1.2,1.0,0.0,1000.0,1000.0,0.0
AAPL,1998-01-31,12.0,1.0,1.2,1.0,0.0,1000.0,1000.0,0.0
AAPL,1998-02-28,12.0,1.0,1.2,1.0,0.0,1000.0,1000.0,0.0
AAPL,1998-03-31,12.0,1.0,1.2,1.0,0.0,1000.0,1000.0,0.0
AAPL,1998-04-30,12.0,1.0,1.2,1.0,0.0,1000.0,1000.0,0.0
AAPL,1998-05-31,12.0,1.0,1.2,1.0,0.0,1000.0,1000.0,0.0
AAPL,1998-06-30,12.0,1.0,1.2,1.0,0.0,1000.0,1000.0,0.0
AAPL,1998-07-31,12.0,1.0,1.2,1.0,0.0,1000.0,1000.0,0.0
AAPL,1998-08-31,12.0,1.0,1.2,1.0,0.0,1000.0,1000.0,0.0
AAPL,1998-09-30,12.0,1.0,1.2,1.0,0.0,1000.0,1000.0,0.0
AAPL,1998-10-31,12.0,1.0,1.2,1.0,0.0,1000.0,1000.0,0.0
AAPL,1998-11-30,12.0,1.0,1.2,1.0,0.0,1000.0,1000.0,0.0
AAPL,1998-12-31,12.0,1.0,1.2,1.0,0.0,1000.0,1000.0,0.0
AAPL,1999-01-31,12.0,1.0,1.2,1.0,0.0,1000.0,1000.0,0.0
AAPL,1999-02-28,12.0,1.0,1.2,1.0,0.0,1000.0,1000.0,0.0
AAPL,1999-03-31,12.0,1.0,1.2,1.0,0.0,1000.0,1000.0,0.0
AAPL,1999-04-30,12.0,1.0,1.2,1.0,0.0,1000.0,1000.0,0.0
AAPL,1999-05-31,12.0,1.0,1.2,1.0,0.0,1000.0,1000.0,0.0
AAPL,1999-06-30,12.0,1.0,1.2,1.0,0.0,1000.0,1000.0,0.0
AAPL,1999-07-31,12.0,1.0,1.2,1.0,0.0,1000.0,1000.0,0.0
AAPL,1999-08-31,12.0,1.0,1.2,1.0,0.0,1000.0,1000.0,0.0
AAPL,1999-09-30,12.0,1.0,1.2,1.0,0.0,1000.0,1000.0,0.0
AAPL,1999-10-31,12.0,1.0,1.2,1.0,0.0,1000.0,1000.0,0.0
AAPL,1999-11-30,12.0,1.0,1.2,1.0,0.0,1000.0,1000.0,0.0
AAPL,1999-12-31,12.0,1.0,1.2,1.0,0.0,1000.0,1000.0,0.0
AAPL,2000-01-31,12.0,1.0,1.2,1.0,0.0,1000.0,1000.0,0.0
AAPL,2000-02-29,12.0,1.0,1.2,1.0,0.0,1000.0,1000.0,0.0
AAPL,2000-03-31,12.0,1.0,1.2,1.0,0.0,1000.0,1000.0,0.0
AAPL,2000-04-30,12.0,1.0,1.2,1.0,0.0,1000.0,1000.0,0.0
AAPL,2000-05-31,12.0,1.0,1.2,1.0,0.0,1000.0,1000.0,0.0
AAPL,2000-06-30,12.0,1.0,1.2,1.0,0.0,1000.0,1000.0,0.0
AAPL,2000-07-31,12.0,1.0,1.2,1.0,0.0,1000.0,1000.0,0.0
AAPL,2000-08-31,12.0,1.0,1.2,1.0,0.0,1000.0,1000.0,0.0
AAPL,2000-09-30,12.0,1.0,1.2,1.0,0.0,1000.0,1000.0,0.0
AAPL,2000-10-31,12.0,1.0,1.2,1.0,0.0,1000.0,1000.0,0.0
AAPL,2000-11-30,12.0,1.0,1.2,1.0,0.0,1000.0,1000.0,0.0
AAPL,2000-12-31,12.0,1.0,1.2,1.0,0.0,1000.0,1000.0,0.0
AAPL,2001-01-31,12.0,1.0,1.2,1.0,0.0,1000.0,1000.0,0.0
AAPL,2001-02-28,12.0,1.0,1.2,1.0,0.0,1000.0,1000.0,0.0
AAPL,2001-03-31,12.0,1.0,1.2,1.0,0.0,1000.0,1000.0,0.0
AAPL,2001-04-30,12.0,1.0,1.2,1.0,0.0,1000.0,1000.0,0.0
AAPL,2001-05-31,12.0,1.0,1.2,1.0,0.0,1000.0,1000.0,0.0
AAPL,2001-06-30,12.0,1.0,1.2,1.0,0.0,1000.0,1000.0,0.0
AAPL,2001-07-31,12.0,1.0,1.2,1.0,0.0,1000.0,1000.0,0.0
AAPL,2001-08-31,12.0,1.0,1.2,1.0,0.0,1000.0,1000.0,0.0
AAPL,2001-09-30,12.0,1.0,1.2,1.0,0.0,1000.0,1000.0,0.0
AAPL,2001-10-31,12.0,1.0,1.2,1.0,0.0,1000.0,1000.0,0.0
AAPL,2001-11-30,12.0,1.0,1.2,1.0,0.0,1000.0,1000.0,0.0
AAPL,2001-12-31,12.0,1.0,1.2,1.0,0.0,1000.0,1000.0,0.0
AAPL,2002-01-31,12.0,1.0,1.2,1.0,0.0,1000.0,1000.0,0.0
AAPL,2002-02-28,12.0,1.0,1.2,1.0,0.0,1000.0,1000.0,0.0
AAPL,2002-03-31,12.0,1.0,1.2,1.0,0.0,1000.0,1000.0,0.0
AAPL,2002-04-30,12.0,1.0,1.2,1.0,0.0,1000.0,1000.0,0.0
AAPL,2002-05-31,12.0,1.0,1.2,1.0,0.0,1000.0,1000.0,0.0
AAPL,2002-06-30,12.0,1.0,1.2,1.0,0.0,1000.0,1000.0,0.0
AAPL,2002-07-31,12.0,1.0,1.2,1.0,0.0,1000.0,1000.0,0.0
AAPL,2002-08-31,12.0,1.0,1.2,1.0,0.0,1000.0,1000.0,0.0
AAPL,2002-09-30,12.0,1.0,1.2,1.0,0.0,1000.0,1000.0,0.0
AAPL,2002-10-31,12.0,1.0,1.2,1.0,0.0,1000.0,1000.0,0.0
AAPL,2002-11-30,12.0,1.0,1.2,1.0,0.0,1000.0,1000.0,0.0
AAPL,2002-12-31,12.0,1.0,1.2,1.0,0.0,1000.0,1000.0,0.0
AAPL,2003-01-31,12.0,1.0,1.2,1.0,0.0,1000.0,1000.0,0.0
AAPL,2003-02-28,12.0,1.0,1.2,1.0,0.0,1000.0,1000.0,0.0
AAPL,2003-03-31,12.0,1.0,1.2,1.0,0.0,1000.0,1000.0,0.0
AAPL,2003-04-30,12.0,1.0,1.2,1.0,0.0,1000.0,1000.0,0.0
AAPL,2003-05-31,12.0,1.0,1.2,1.0,0.0,1000.0,1000.0,0.0
AAPL,2003-06-30,12.0,1.0,1.2,1.0,0.0,1000.0,1000.0,0.0
AAPL,2003-07-31,12.0,1.0,1.2,1.0,0.0,1000.0,1000.0,0.0
AAPL,2003-08-31,12.0,1.0,1.2,1.0,0.0,1000.0,1000.0,0.0
AAPL,2003-09-30,12.0,1.0,1.2,1.0,0.0,1000.0,1000.0,0.0
AAPL,2003-10-31,12.0,1.0,1.2,1.0,0.0,1000.0,1000.0,0.0
AAPL,2003-11-30,12.0,1.0,1.2,1.0,0.0,1000.0,1000.0,0.0
AAPL,2003-12-31,12.0,1.0,1.2,1.0,0.0,1000.0,1000.0,0.0
AAPL,2004-01-31,12.0,1.0,1.2,1.0,0.0,1000.0,1000.0,0.0
AAPL,2004-02-29,12.0,1.0,1.2,1.0,0.0,1000.0,1000.0,0.0
AAPL,2004-03-31,12.0,1.0,1.2,1.0,0.0,1000.0,1000.0,0.0
AAPL,2004-04-30,12.0,1.0,1.2,1.0,0.0,1000.0,1000.0,0.0
AAPL,2004-05-31,12.0,1.0,1.2,1.0,0.0,1000.0,1000.0,0.0
AAPL,2004-06-30,12.0,1.0,1.2,1.0,0.0,1000.0,1000.0,0.0
AAPL,2004-07-31,12.0,1.0,1.2,1.0,0.0,1000.0,1000.0,0.0
AAPL,2004-08-31,12.0,1.0,1.2,1.0,0.0,1000.0,1000.0,0.0
AAPL,2004-09-30,12.0,1.0,1.2,1.0,0.0,1000.0,1000.0,0.0
AAPL,2004-10-31,12.0,1.0,1.2,1.0,0.0,1000.0,1000.0,0.0
AAPL,2004-11-30,12.0,1.0,1.2,1.0,0.0,1000.0,1000.0,0.0
AAPL,2004-12-31,12.0,1.0,1.2,1.0,0.0,1000.0,1000.0,0.0
AAPL,2005-01-31,12.0,1.0,1.2,1.0,0.0,1000.0,1000.0,0.0
AAPL,2005-02-28,12.0,1.0,1.2,1.0,0.0,1000.0,1000.0,0.0
AAPL,2005-03-31,12.0,1.0,1.2,1.0,0.0,1000.0,1000.0,0.0
AAPL,2005-04-30,12.0,1.0,1.2,1.0,0.0,1000.0,1000.0,0.0
AAPL,2005-05-31,12.0,1.0,1.2,1.0,0.0,1000.0,1000.0,0.0
AAPL,2005-06-30,12.0,1.0,1.2,1.0,0.0,1000.0,1000.0,0.0
AAPL,2005-07-31,12.0,1.0,1.2,1.0,0.0,1000.0,1000.0,0.0
AAPL,2005-08-31,12.0,1.0,1.2,1.0,0.0,1000.0,1000.0,0.0
AAPL,2005-09-30,12.0,1.0,1.2,1.0,0.0,1000.0,1000.0,0.0
AAPL,2005-10-31,12.0,1.0,1.2,1.0,0.0,1000.0,1000.0,0.0
AAPL,2005-11-30,12.0,1.0,1.2,1.0,0.0,1000.0,1000.0,0.0
AAPL,2005-12-31,12.0,1.0,1.2,1.0,0.0,1000.0,1000.0,0.0
AAPL,2006-01-31,12.0,1.0,1.2,1.0,0.0,1000.0,1000.0,0.0
AAPL,2006-02-28,12.0,1.0,1.2,1.0,0.0,1000.0,1000.0,0.0
AAPL,2006-03-31,12.0,1.0,1.2,1.0,0.0,1000.0,1000.0,0.0
AAPL,2006-04-30,12.0,1.0,1.2,1.0,0.0,1000.0,1000.0,0.0
AAPL,2006-05-31,12.0,1.0,1.2,1.0,0.0,1000.0,1000.0,0.0
AAPL,2006-06-30,12.0,1.0,1.2,1.0,0.0,1000.0,1000.0,0.0
AAPL,2006-07-31,12.0,1.0,1.2,1.0,0.0,1000.0,1000.0,0.0
AAPL,2006-08-31,12.0,1.0,1.2,1.0,0.0,1000.0,1000.0,0.0
AAPL,2006-09-30,12.0,1.0,1.2,1.0,0.0,1000.0,1000.0,0.0
AAPL,2006-10-31,12.0,1.0,1.2,1.0,0.0,1000.0,1000.0,0.0
AAPL,2006-11-30,12.0,1.0,1.2,1.0,0.0,1000.0,1000.0,0.0
AAPL,2006-12-31,12.0,1.0,1.2,1.0,0.0,1000.0,1000.0,0.0
AAPL,2007-01-31,12.0,1.0,1.2,1.0,0.0,1000.0,1000.0,0.0
AAPL,2007-02-28,12.0,1.0,1.2,1.0,0.0,1000.0,1000.0,0.0
AAPL,2007-03-31,12.0,1.0,1.2,1.0,0.0,1000.0,1000.0,0.0
AAPL,2007-04-30,12.0,1.0,1.2,1.0,0.0,1000.0,1000.0,0.0
AAPL,2007-05-31,12.0,1.0,1.2,1.0,0.0,1000.0,1000.0,0.0
AAPL,2007-06-30,12.0,1.0,1.2,1.0,0.0,1000.0,1000.0,0.0
AAPL,2007-07-31,12.0,1.0,1.2,1.0,0.0,1000.0,1000.0,0.0
AAPL,2007-08-31,12.0,1.0,1.2,1.0,0.0,1000.0,1000.0,0.0
AAPL,2007-09-30,12.0,1.0,1.2,1.0,0.0,1000.0,1000.0,0.0
AAPL,2007-10-31,12.0,1.0,1.2,1.0,0.0,1000.0,1000.0,0.0
AAPL,2007-11-30,12.0,1.0,1.2,1.0,0.0,1000.0,1000.0,0.0
AAPL,2007-12-31,12.0,1.0,1.2,1.0,0.0,1000.0,1000.0,0.0
AAPL,2008-01-31,12.0,1.0,1.2,1.0,0.0,1000.0,1000.0,0.0
AAPL,2008-02-29,12.0,1.0,1.2,1.0,0.0,1000.0,1000.0,0.0
AAPL,2008-03-31,12.0,1.0,1.2,1.0,0.0,1000.0,1000.0,0.0
AAPL,2008-04-30,12.0,1.0,1.2,1.0,0.0,1000.0,1000.0,0.0
AAPL,2008-05-31,12.0,1.0,1.2,1.0,0.0,1000.0,1000.0,0.0
AAPL,2008-06-30,12.0,1.0,1.2,1.0,0.0,1000.0,1000.0,0.0
AAPL,2008-07-31,12.0,1.0,1.2,1.0,0.0,1000.0,1000.0,0.0
AAPL,2008-08-31,12.0,1.0,1.2,1.0,0.0,1000.0,1000.0,0.0
AAPL,2008-09-30,12.0,1.0,1.2,1.0,0.0,1000.0,1000.0,0.0
AAPL,2008-10-31,12.0,1.0,1.2,1.0,0.0,1000.0,1000.0,0.0
AAPL,2008-11-30,12.0,1.0,1.2,1.0,0.0,1000.0,1000.0,0.0
AAPL,2008-12-31,12.0,1.0,1.2,1.0,0.0,1000.0,1000.0,0.0
AAPL,2009-01-31,12.0,1.0,1.2,1.0,0.0,1000.0,1000.0,0.0
AAPL,2009-02-28,12.0,1.0,1.2,1.0,0.0,1000.0,1000.0,0.0
AAPL,2009-03-31,12.0,1.0,1.2,1.0,0.0,1000.0,1000.0,0.0
AAPL,2009-04-30,12.0,1.0,1.2,1.0,0.0,1000.0,1000.0,0.0
AAPL,2009-05-31,12.0,1.0,1.2,1.0,0.0,1000.0,1000.0,0.0
AAPL,2009-06-30,12.0,1.0,1.2,1.0,0.0,1000.0,1000.0,0.0
AAPL,2009-07-31,12.0,1.0,1.2,1.0,0.0,1000.0,1000.0,0.0
AAPL,2009-08-31,12.0,1.0,1.2,1.0,0.0,1000.0,1000.0,0.0
AAPL,2009-09-30,12.0,1.0,1.2,1.0,0.0,1000.0,1000.0,0.0
AAPL,2009-10-31,12.0,1.0,1.2,1.0,0.0,1000.0,1000.0,0.0
AAPL,2009-11-30,12.0,1.0,1.2,1.0,0.0,1000.0,1000.0,0.0
AAPL,2009-12-31,12.0,1.0,1.2,1.0,0.0,1000.0,1000.0,0.0
AAPL,2010-01-31,13.200000000000001,1.0,1.32,1.5,50.0,1500.0,2000.0,100.0
AAPL,2010-02-28,13.200000000000001,1.0,1.32,1.5,0.0,1500.0,2000.0,0.0
AAPL,2010-03-31,13.200000000000001,1.0,1.32,1.5,0.0,1500.0,2000.0,0.0
AAPL,2010-04-30,13.200000000000001,1.0,1.32,1.5,0.0,1500.0,2000.0,0.0
AAPL,2010-05-31,13.200000000000001,1.0,1.32,1.5,0.0,1500.0,2000.0,0.0
AAPL,2010-06-30,13.200000000000001,1.0,1.32,1.5,0.0,1500.0,2000.0,0.0
AAPL,2010-07-31,13.200000000000001,1.0,1.32,1.5,0.0,1500.0,2000.0,0.0
AAPL,2010-08-31,13.200000000000001,1.0,1.32,1.5,0.0,1500.0,2000.0,0.0
AAPL,2010-09-30,13.200000000000001,1.0,1.32,1.5,0.0,1500.0,2000.0,0.0
AAPL,2010-10-31,13.200000000000001,1.0,1.32,1.5,0.0,1500.0,2000.0,0.0
AAPL,2010-11-30,13.200000000000001,1.0,1.32,1.5,0.0,1500.0,2000.0,0.0
AAPL,2010-12-31,13.200000000000001,1.0,1.32,1.5,0.0,1500.0,2000.0,0.0
AAPL,2011-01-31,13.200000000000001,1.0,1.32,1.5,0.0,1500.0,2000.0,0.0
AAPL,2011-02-28,13.200000000000001,1.0,1.32,1.5,0.0,1500.0,2000.0,0.0
AAPL,2011-03-31,13.200000000000001,1.0,1.32,1.5,0.0,1500.0,2000.0,0.0
AAPL,2011-04-30,13.200000000000001,1.0,1.32,1.5,0.0,1500.0,2000.0,0.0
AAPL,2011-05-31,13.200000000000001,1.0,1.32,1.5,0.0,1500.0,2000.0,0.0
AAPL,2011-06-30,13.200000000000001,1.0,1.32,1.5,0.0,1500.0,2000.0,0.0
AAPL,2011-07-31,13.200000000000001,1.0,1.32,1.5,0.0,1500.0,2000.0,0.0
AAPL,2011-08-31,13.200000000000001,1.0,1.32,1.5,0.0,1500.0,2000.0,0.0
AAPL,2011-09-30,13.200000000000001,1.0,1.32,1.5,0.0,1500.0,2000.0,0.0
AAPL,2011-10-31,13.200000000000001,1.0,1.32,1.5,0.0,1500.0,2000.0,0.0
AAPL,2011-11-30,13.200000000000001,1.0,1.32,1.5,0.0,1500.0,2000.0,0.0
AAPL,2011-12-31,13.200000000000001,1.0,1.32,1.5,0.0,1500.0,2000.0,0.0
AAPL,2012-01-31,13.200000000000001,1.0,1.32,1.5,0.0,1500.0,2000.0,0.0
AAPL,2012-02-29,13.200000000000001,1.0,1.32,1.5,0.0,1500.0,2000.0,0.0
AAPL,2012-03-31,13.200000000000001,1.0,1.32,1.5,0.0,1500.0,2000.0,0.0
AAPL,2012-04-30,13.200000000000001,1.0,1.32,1.5,0.0,1500.0,2000.0,0.0
AAPL,2012-05-31,13.200000000000001,1.0,1.32,1.5,0.0,1500.0,2000.0,0.0
AAPL,2012-06-30,13.200000000000001,1.0,1.32,1.5,0.0,1500.0,2000.0,0.0
AAPL,2012-07-31,13.200000000000001,1.0,1.32,1.5,0.0,1500.0,2000.0,0.0
AAPL,2012-08-31,13.200000000000001,1.0,1.32,1.5,0.0,1500.0,2000.0,0.0
AAPL,2012-09-30,13.200000000000001,1.0,1.32,1.5,0.0,1500.0,2000.0,0.0
AAPL,2012-10-31,13.200000000000001,1.0,1.32,1.5,0.0,1500.0,2000.0,0.0
AAPL,2012-11-30,13.200000000000001,1.0,1.32,1.5,0.0,1500.0,2000.0,0.0
AAPL,2012-12-31,13.200000000000001,1.0,1.32,1.5,0.0,1500.0,2000.0,0.0
AAPL,2013-01-31,13.200000000000001,1.0,1.32,1.5,0.0,1500.0,2000.0,0.0
AAPL,2013-02-28,13.200000000000001,1.0,1.32,1.5,0.0,1500.0,2000.0,0.0
AAPL,2013-03-31,13.200000000000001,1.0,1.32,1.5,0.0,1500.0,2000.0,0.0
AAPL,2013-04-30,13.200000000000001,1.0,1.32,1.5,0.0,1500.0,2000.0,0.0
AAPL,2013-05-31,13.200000000000001,1.0,1.32,1.5,0.0,1500.0,2000.0,0.0
AAPL,2013-06-30,13.200000000000001,1.0,1.32,1.5,0.0,1500.0,2000.0,0.0
AAPL,2013-07-31,13.200000000000001,1.0,1.32,1.5,0.0,1500.0,2000.0,0.0
AAPL,2013-08-31,13.200000000000001,1.0,1.32,1.5,0.0,1500.0,2000.0,0.0
AAPL,2013-09-30,13.200000000000001,1.0,1.32,1.5,0.0,1500.0,2000.0,0.0
AAPL,2013-10-31,13.200000000000001,1.0,1.32,1.5,0.0,1500.0,2000.0,0.0
AAPL,2013-11-30,13.200000000000001,1.0,1.32,1.5,0.0,1500.0,2000.0,0.0
AAPL,2013-12-31,13.200000000000001,1.0,1.32,1.5,0.0,1500.0,2000.0,0.0
AAPL,2014-01-31,13.200000000000001,1.0,1.32,1.5,0.0,1500.0,2000.0,0.0
AAPL,2014-02-28,13.200000000000001,1.0,1.32,1.5,0.0,1500.0,2000.0,0.0
AAPL,2014-03-31,13.200000000000001,1.0,1.32,1.5,0.0,1500.0,2000.0,0.0
AAPL,2014-04-30,13.200000000000001,1.0,1.32,1.5,0.0,1500.0,2000.0,0.0
AAPL,2014-05-31,13.200000000000001,1.0,1.32,1.5,0.0,1500.0,2000.0,0.0
AAPL,2014-06-30,13.200000000000001,1.0,1.32,1.5,0.0,1500.0,2000.0,0.0
AAPL,2014-07-31,13.200000000000001,1.0,1.32,1.5,0.0,1500.0,2000.0,0.0
AAPL,2014-08-31,13.200000000000001,1.0,1.32,1.5,0.0,1500.0,2000.0,0.0
AAPL,2014-09-30,13.200000000000001,1.0,1.32,1.5,0.0,1500.0,2000.0,0.0
AAPL,2014-10-31,13.200000000000001,1.0,1.32,1.5,0.0,1500.0,2000.0,0.0
AAPL,2014-11-30,13.200000000000001,1.0,1.32,1.5,0.0,1500.0,2000.0,0.0
AAPL,2014-12-31,13.200000000000001,1.0,1.32,1.5,0.0,1500.0,2000.0,0.0
AAPL,2015-01-31,13.200000000000001,1.0,1.32,1.5,0.0,1500.0,2000.0,0.0
AAPL,2015-02-28,13.200000000000001,1.0,1.32,1.5,0.0,1500.0,2000.0,0.0
AAPL,2015-03-31,13.200000000000001,1.0,1.32,1.5,0.0,1500.0,2000.0,0.0
AAPL,2015-04-30,13.200000000000001,1.0,1.32,1.5,0.0,1500.0,2000.0,0.0
AAPL,2015-05-31,13.200000000000001,1.0,1.32,1.5,0.0,1500.0,2000.0,0.0
AAPL,2015-06-30,13.200000000000001,1.0,1.32,1.5,0.0,1500.0,2000.0,0.0
AAPL,2015-07-31,13.200000000000001,1.0,1.32,1.5,0.0,1500.0,2000.0,0.0
AAPL,2015-08-31,13.200000000000001,1.0,1.32,1.5,0.0,1500.0,2000.0,0.0
AAPL,2015-09-30,13.200000000000001,1.0,1.32,1.5,0.0,1500.0,2000.0,0.0
AAPL,2015-10-31,13.200000000000001,1.0,1.32,1.5,0.0,1500.0,2000.0,0.0
AAPL,2015-11-30,13.200000000000001,1.0,1.32,1.5,0.0,1500.0,2000.0,0.0
AAPL,2015-12-31,13.200000000000001,1.0,1.32,1.5,0.0,1500.0,2000.0,0.0
AAPL,2016-01-31,13.200000000000001,1.0,1.32,1.5,0.0,1500.0,2000.0,0.0
AAPL,2016-02-29,13.200000000000001,1.0,1.32,1.5,0.0,1500.0,2000.0,0.0
AAPL,2016-03-31,13.200000000000001,1.0,1.32,1.5,0.0,1500.0,2000.0,0.0
AAPL,2016-04-30,13.200000000000001,1.0,1.32,1.5,0.0,1500.0,2000.0,0.0
AAPL,2016-05-31,13.200000000000001,1.0,1.32,1.5,0.0,1500.0,2000.0,0.0
AAPL,2016-06-30,13.200000000000001,1.0,1.32,1.5,0.0,1500.0,2000.0,0.0
AAPL,2016-07-31,13.200000000000001,1.0,1.32,1.5,0.0,1500.0,2000.0,0.0
AAPL,2016-08-31,13.200000000000001,1.0,1.32,1.5,0.0,1500.0,2000.0,0.0
AAPL,2016-09-30,13.200000000000001,1.0,1.32,1.5,0.0,1500.0,2000.0,0.0
AAPL,2016-10-31,13.200000000000001,1.0,1.32,1.5,0.0,1500.0,2000.0,0.0
AAPL,2016-11-30,13.200000000000001,1.0,1.32,1.5,0.0,1500.0,2000.0,0.0
AAPL,2016-12-31,13.200000000000001,1.0,1.32,1.5,0.0,1500.0,2000.0,0.0
AAPL,2017-01-31,13.200000000000001,1.0,1.32,1.5,0.0,1500.0,2000.0,0.0
AAPL,2017-02-28,13.200000000000001,1.0,1.32,1.5,0.0,1500.0,2000.0,0.0
AAPL,2017-03-31,13.200000000000001,1.0,1.32,1.5,0.0,1500.0,2000.0,0.0
AAPL,2017-04-30,13.200000000000001,1.0,1.32,1.5,0.0,1500.0,2000.0,0.0
AAPL,2017-05-31,13.200000000000001,1.0,1.32,1.5,0.0,1500.0,2000.0,0.0
AAPL,2017-06-30,13.200000000000001,1.0,1.32,1.5,0.0,1500.0,2000.0,0.0
AAPL,2017-07-31,13.200000000000001,1.0,1.32,1.5,0.0,1500.0,2000.0,0.0
AAPL,2017-08-31,13.200000000000001,1.0,1.32,1.5,0.0,1500.0,2000.0,0.0
AAPL,2017-09-30,13.200000000000001,1.0,1.32,1.5,0.0,1500.0,2000.0,0.0
AAPL,2017-10-31,13.200000000000001,1.0,1.32,1.5,0.0,1500.0,2000.0,0.0
AAPL,2017-11-30,13.200000000000001,1.0,1.32,1.5,0.0,1500.0,2000.0,0.0
AAPL,2017-12-31,13.200000000000001,1.0,1.32,1.5,0.0,1500.0,2000.0,0.0
AAPL,2018-01-31,13.200000000000001,1.0,1.32,1.5,0.0,1500.0,2000.0,0.0
AAPL,2018-02-28,13.200000000000001,1.0,1.32,1.5,0.0,1500.0,2000.0,0.0
AAPL,2018-03-31,13.200000000000001,1.0,1.32,1.5,0.0,1500.0,2000.0,0.0
AAPL,2018-04-30,13.200000000000001,1.0,1.32,1.5,0.0,1500.0,2000.0,0.0
AAPL,2018-05-31,13.200000000000001,1.0,1.32,1.5,0.0,1500.0,2000.0,0.0
AAPL,2018-06-30,13.200000000000001,1.0,1.32,1.5,0.0,1500.0,2000.0,0.0
AAPL,2018-07-31,13.200000000000001,1.0,1.32,1.5,0.0,1500.0,2000.0,0.0
AAPL,2018-08-31,13.200000000000001,1.0,1.32,1.5,0.0,1500.0,2000.0,0.0
AAPL,2018-09-30,13.200000000000001,1.0,1.32,1.5,0.0,1500.0,2000.0,0.0
AAPL,2018-10-31,13.200000000000001,1.0,1.32,1.5,0.0,1500.0,2000.0,0.0
AAPL,2018-11-30,13.200000000000001,1.0,1.32,1.5,0.0,1500.0,2000.0,0.0
AAPL,2018-12-31,13.200000000000001,1.0,1.32,1.5,0.0,1500.0,2000.0,0.0
AAPL,2019-01-31,13.200000000000001,1.0,1.32,1.5,0.0,1500.0,2000.0,0.0
AAPL,2019-02-28,13.200000000000001,1.0,1.32,1.5,0.0,1500.0,2000.0,0.0
AAPL,2019-03-31,13.200000000000001,1.0,1.32,1.5,0.0,1500.0,2000.0,0.0
AAPL,2019-04-30,13.200000000000001,1.0,1.32,1.5,0.0,1500.0,2000.0,0.0
AAPL,2019-05-31,13.200000000000001,1.0,1.32,1.5,0.0,1500.0,2000.0,0.0
AAPL,2019-06-30,13.200000000000001,1.0,1.32,1.5,0.0,1500.0,2000.0,0.0
AAPL,2019-07-31,13.200000000000001,1.0,1.32,1.5,0.0,1500.0,2000.0,0.0
AAPL,2019-08-31,13.200000000000001,1.0,1.32,1.5,0.0,1500.0,2000.0,0.0
AAPL,2019-09-30,13.200000000000001,1.0,1.32,1.5,0.0,1500.0,2000.0,0.0
AAPL,2019-10-31,13.200000000000001,1.0,1.32,1.5,0.0,1500.0,2000.0,0.0
AAPL,2019-11-30,13.200000000000001,1.0,1.32,1.5,0.0,1500.0,2000.0,0.0
AAPL,2019-12-31,13.200000000000001,1.0,1.32,1.5,0.0,1500.0,2000.0,0.0
AAPL,2020-01-31,13.200000000000001,1.0,1.32,1.5,0.0,1500.0,2000.0,0.0
AAPL,2020-02-29,13.200000000000001,1.0,1.32,1.5,0.0,1500.0,2000.0,0.0
AAPL,2020-03-31,13.200000000000001,1.0,1.32,1.5,0.0,1500.0,2000.0,0.0
AAPL,2020-04-30,13.200000000000001,1.0,1.32,1.5,0.0,1500.0,2000.0,0.0
AAPL,2020-05-31,13.200000000000001,1.0,1.32,1.5,0.0,1500.0,2000.0,0.0
AAPL,2020-06-30,13.200000000000001,1.0,1.32,1.5,0.0,1500.0,2000.0,0.0
AAPL,2020-07-31,13.200000000000001,1.0,1.32,1.5,0.0,1500.0,2000.0,0.0
AAPL,2020-08-31,13.200000000000001,1.0,1.32,1.5,0.0,1500.0,2000.0,0.0
AAPL,2020-09-30,13.200000000000001,1.0,1.32,1.5,0.0,1500.0,2000.0,0.0
AAPL,2020-10-31,13.200000000000001,1.0,1.32,1.5,0.0,1500.0,2000.0,0.0
AAPL,2020-11-30,13.200000000000001,1.0,1.32,1.5,0.0,1500.0,2000.0,0.0
AAPL,2020-12-31,13.200000000000001,1.0,1.32,1.5,0.0,1500.0,2000.0,0.0
AAPL,2021-01-31,13.200000000000001,1.0,1.32,1.5,0.0,1500.0,2000.0,0.0
AAPL,2021-02-28,13.200000000000001,1.0,1.32,1.5,0.0,1500.0,2000.0,0.0
AAPL,2021-03-31,13.200000000000001,1.0,1.32,1.5,0.0,1500.0,2000.0,0.0
AAPL,2021-04-30,13.200000000000001,1.0,1.32,1.5,0.0,1500.0,2000.0,0.0
AAPL,2021-05-31,13.200000000000001,1.0,1.32,1.5,0.0,1500.0,2000.0,0.0
AAPL,2021-06-30,13.200000000000001,1.0,1.32,1.5,0.0,1500.0,2000.0,0.0
AAPL,2021-07-31,13.200000000000001,1.0,1.32,1.5,0.0,1500.0,2000.0,0.0
AAPL,2021-08-31,13.200000000000001,1.0,1.32,1.5,0.0,1500.0,2000.0,0.0
AAPL,2021-09-30,13.200000000000001,1.0,1.32,1.5,0.0,1500.0,2000.0,0.0
AAPL,2021-10-31,13.200000000000001,1.0,1.32,1.5,0.0,1500.0,2000.0,0.0
AAPL,2021-11-30,13.200000000000001,1.0,1.32,1.5,0.0,1500.0,2000.0,0.0
AAPL,2021-12-31,13.200000000000001,1.0,1.32,1.5,0.0,1500.0,2000.0,0.0
AAPL,2022-01-31,13.200000000000001,1.0,1.32,1.5,0.0,1500.0,2000.0,0.0
AAPL,2022-02-28,13.200000000000001,1.0,1.32,1.5,0.0,1500.0,2000.0,0.0
AAPL,2022-03-31,13.200000000000001,1.0,1.32,1.5,0.0,1500.0,2000.0,0.0
AAPL,2022-04-30,13.200000000000001,1.0,1.32,1.5,0.0,1500.0,2000.0,0.0
AAPL,2022-05-31,13.200000000000001,1.0,1.32,1.5,0.0,1500.0,2000.0,0.0
AAPL,2022-06-30,13.200000000000001,1.0,1.32,1.5,0.0,1500.0,2000.0,0.0
AAPL,2022-07-31,13.200000000000001,1.0,1.32,1.5,0.0,1500.0,2000.0,0.0
AAPL,2022-08-31,13.200000000000001,1.0,1.32,1.5,0.0,1500.0,2000.0,0.0
AAPL,2022-09-30,13.200000000000001,1.0,1.32,1.5,0.0,1500.0,2000.0,0.0
AAPL,2022-10-31,13.200000000000001,1.0,1.32,1.5,0.0,1500.0,2000.0,0.0
AAPL,2022-11-30,13.200000000000001,1.0,1.32,1.5,0.0,1500.0,2000.0,0.0
AAPL,2022-12-31,13.200000000000001,1.0,1.32,1.5,0.0,1500.0,2000.0,0.0
AAPL,2023-01-31,13.200000000000001,1.0,1.32,1.5,0.0,1500.0,2000.0,0.0
AAPL,2023-02-28,13.200000000000001,1.0,1.32,1.5,0.0,1500.0,2000.0,0.0
AAPL,2023-03-31,13.200000000000001,1.0,1.32,1.5,0.0,1500.0,2000.0,0.0
AAPL,2023-04-30,13.200000000000001,1.0,1.32,1.5,0.0,1500.0,2000.0,0.0
AAPL,2023-05-31,13.200000000000001,1.0,1.32,1.5,0.0,1500.0,2000.0,0.0
AAPL,2023-06-30,13.200000000000001,1.0,1.32,1.5,0.0,1500.0,2000.0,0.0
AAPL,2023-07-31,13.200000000000001,1.0,1.32,1.5,0.0,1500.0,2000.0,0.0
AAPL,2023-08-31,13.200000000000001,1.0,1.32,1.5,0.0,1500.0,2000.0,0.0
AAPL,2023-09-30,13.200000000000001,1.0,1.32,1.5,0.0,1500.0,2000.0,0.0
AAPL,2023-10-31,13.200000000000001,1.0,1.32,1.5,0.0,1500.0,2000.0,0.0
AAPL,2023-11-30,13.200000000000001,1.0,1.32,1.5,0.0,1500.0,2000.0,0.0
AAPL,2023-12-31,13.200000000000001,1.0,1.32,1.5,0.0,1500.0,2000.0,0.0
AAPL,2024-01-31,13.200000000000001,1.0,1.32,1.5,0.0,1500.0,2000.0,0.0
AAPL,2024-02-29,13.200000000000001,1.0,1.32,1.5,0.0,1500.0,2000.0,0.0
AAPL,2024-03-31,13.200000000000001,1.0,1.32,1.5,0.0,1500.0,2000.0,0.0
AAPL,2024-04-30,13.200000000000001,1.0,1.32,1.5,0.0,1500.0,2000.0,0.0
AAPL,2024-05-31,13.200000000000001,1.0,1.32,1.5,0.0,1500.0,2000.0,0.0
AAPL,2024-06-30,13.200000000000001,1.0,1.32,1.5,0.0,1500.0,2000.0,0.0
AAPL,2024-07-31,13.200000000000001,1.0,1.32,1.5,0.0,1500.0,2000.0,0.0
AAPL,2024-08-31,13.200000000000001,1.0,1.32,1.5,0.0,1500.0,2000.0,0.0
AAPL,2024-09-30,13.200000000000001,1.0,1.32,1.5,0.0,1500.0,2000.0,0.0
AAPL,2024-10-31,13.200000000000001,1.0,1.32,1.5,0.0,1500.0,2000.0,0.0
AAPL,2024-11-30,13.200000000000001,1.0,1.32,1.5,0.0,1500.0,2000.0,0.0
AAPL,2024-12-31,13.200000000000001,1.0,1.32,1.5,0.0,1500.0,2000.0,0.0
AAPL,2025-01-31,14.399999999999999,1.0,1.44,2.0,33.33333333333333,2000.0,3000.0,50.0
AAPL,2025-02-28,14.399999999999999,1.0,1.44,2.0,0.0,2000.0,3000.0,0.0
AAPL,2025-03-31,14.399999999999999,1.0,1.44,2.0,0.0,2000.0,3000.0,0.0
AAPL,2025-04-30,14.399999999999999,1.0,1.44,2.0,0.0,2000.0,3000.0,0.0
AAPL,2025-05-31,14.399999999999999,1.0,1.44,2.0,0.0,2000.0,3000.0,0.0
AAPL,2025-06-30,14.399999999999999,1.0,1.44,2.0,0.0,2000.0,3000.0,0.0
AAPL,2025-07-31,14.399999999999999,1.0,1.44,2.0,0.0,2000.0,3000.0,0.0
AAPL,2025-08-31,14.399999999999999,1.0,1.44,2.0,0.0,2000.0,3000.0,0.0
AAPL,2025-09-30,14.399999999999999,1.0,1.44,2.0,0.0,2000.0,3000.0,0.0
AAPL,2025-10-31,14.399999999999999,1.0,1.44,2.0,0.0,2000.0,3000.0,0.0
AAPL,2025-11-30,14.399999999999999,1.0,1.44,2.0,0.0,2000.0,3000.0,0.0
AAPL,2025-12-31,14.399999999999999,1.0,1.44,2.0,0.0,2000.0,3000.0,0.0
DVY,2003-11-30,13.0,1.0,1.3,1.1,,1100.0,2000.0,
DVY,2003-12-31,13.0,1.0,1.3,1.1,0.0,1100.0,2000.0,0.0
DVY,2004-01-31,13.0,1.0,1.3,1.1,0.0,1100.0,2000.0,0.0
DVY,2004-02-29,13.0,1.0,1.3,1.1,0.0,1100.0,2000.0,0.0
DVY,2004-03-31,13.0,1.0,1.3,1.1,0.0,1100.0,2000.0,0.0
DVY,2004-04-30,13.0,1.0,1.3,1.1,0.0,1100.0,2000.0,0.0
DVY,2004-05-31,13.0,1.0,1.3,1.1,0.0,1100.0,2000.0,0.0
DVY,2004-06-30,13.0,1.0,1.3,1.1,0.0,1100.0,2000.0,0.0
DVY,2004-07-31,13.0,1.0,1.3,1.1,0.0,1100.0,2000.0,0.0
DVY,2004-08-31,13.0,1.0,1.3,1.1,0.0,1100.0,2000.0,0.0
DVY,2004-09-30,13.0,1.0,1.3,1.1,0.0,1100.0,2000.0,0.0
DVY,2004-10-31,13.0,1.0,1.3,1.1,0.0,1100.0,2000.0,0.0
DVY,2004-11-30,13.0,1.0,1.3,1.1,0.0,1100.0,2000.0,0.0
DVY,2004-12-31,13.0,1.0,1.3,1.1,0.0,1100.0,2000.0,0.0
DVY,2005-01-31,13.0,1.0,1.3,1.1,0.0,1100.0,2000.0,0.0
DVY,2005-02-28,13.0,1.0,1.3,1.1,0.0,1100.0,2000.0,0.0
DVY,2005-03-31,13.0,1.0,1.3,1.1,0.0,1100.0,2000.0,0.0
DVY,2005-04-30,13.0,1.0,1.3,1.1,0.0,1100.0,2000.0,0.0
DVY,2005-05-31,13.0,1.0,1.3,1.1,0.0,1100.0,2000.0,0.0
DVY,2005-06-30,13.0,1.0,1.3,1.1,0.0,1100.0,2000.0,0.0
DVY,2005-07-31,13.0,1.0,1.3,1.1,0.0,1100.0,2000.0,0.0
DVY,2005-08-31,13.0,1.0,1.3,1.1,0.0,1100.0,2000.0,0.0
DVY,2005-09-30,13.0,1.0,1.3,1.1,0.0,1100.0,2000.0,0.0
DVY,2005-10-31,13.0,1.0,1.3,1.1,0.0,1100.0,2000.0,0.0
DVY,2005-11-30,13.0,1.0,1.3,1.1,0.0,1100.0,2000.0,0.0
DVY,2005-12-31,13.0,1.0,1.3,1.1,0.0,1100.0,2000.0,0.0
DVY,2006-01-31,13.0,1.0,1.3,1.1,0.0,1100.0,2000.0,0.0
DVY,2006-02-28,13.0,1.0,1.3,1.1,0.0,1100.0,2000.0,0.0
DVY,2006-03-31,13.0,1.0,1.3,1.1,0.0,1100.0,2000.0,0.0
DVY,2006-04-30,13.0,1.0,1.3,1.1,0.0,1100.0,2000.0,0.0
DVY,2006-05-31,13.0,1.0,1.3,1.1,0.0,1100.0,2000.0,0.0
DVY,2006-06-30,13.0,1.0,1.3,1.1,0.0,1100.0,2000.0,0.0
DVY,2006-07-31,13.0,1.0,1.3,1.1,0.0,1100.0,2000.0,0.0
DVY,2006-08-31,13.0,1.0,1.3,1.1,0.0,1100.0,2000.0,0.0
DVY,2006-09-30,13.0,1.0,1.3,1.1,0.0,1100.0,2000.0,0.0
DVY,2006-10-31,13.0,1.0,1.3,1.1,0.0,1100.0,2000.0,0.0
DVY,2006-11-30,13.0,1.0,1.3,1.1,0.0,1100.0,2000.0,0.0
DVY,2006-12-31,13.0,1.0,1.3,1.1,0.0,1100.0,2000.0,0.0
DVY,2007-01-31,13.0,1.0,1.3,1.1,0.0,1100.0,2000.0,0.0
DVY,2007-02-28,13.0,1.0,1.3,1.1,0.0,1100.0,2000.0,0.0
DVY,2007-03-31,13.0,1.0,1.3,1.1,0.0,1100.0,2000.0,0.0
DVY,2007-04-30,13.0,1.0,1.3,1.1,0.0,1100.0,2000.0,0.0
DVY,2007-05-31,13.0,1.0,1.3,1.1,0.0,1100.0,2000.0,0.0
DVY,2007-06-30,13.0,1.0,1.3,1.1,0.0,1100.0,2000.0,0.0
DVY,2007-07-31,13.0,1.0,1.3,1.1,0.0,1100.0,2000.0,0.0
DVY,2007-08-31,13.0,1.0,1.3,1.1,0.0,1100.0,2000.0,0.0
DVY,2007-09-30,13.0,1.0,1.3,1.1,0.0,1100.0,2000.0,0.0
DVY,2007-10-31,13.0,1.0,1.3,1.1,0.0,1100.0,2000.0,0.0
DVY,2007-11-30,13.0,1.0,1.3,1.1,0.0,1100.0,2000.0,0.0
DVY,2007-12-31,13.0,1.0,1.3,1.1,0.0,1100.0,2000.0,0.0
DVY,2008-01-31,13.0,1.0,1.3,1.1,0.0,1100.0,2000.0,0.0
DVY,2008-02-29,13.0,1.0,1.3,1.1,0.0,1100.0,2000.0,0.0
DVY,2008-03-31,13.0,1.0,1.3,1.1,0.0,1100.0,2000.0,0.0
DVY,2008-04-30,13.0,1.0,1.3,1.1,0.0,1100.0,2000.0,0.0
DVY,2008-05-31,13.0,1.0,1.3,1.1,0.0,1100.0,2000.0,0.0
DVY,2008-06-30,13.0,1.0,1.3,1.1,0.0,1100.0,2000.0,0.0
DVY,2008-07-31,13.0,1.0,1.3,1.1,0.0,1100.0,2000.0,0.0
DVY,2008-08-31,13.0,1.0,1.3,1.1,0.0,1100.0,2000.0,0.0
DVY,2008-09-30,13.0,1.0,1.3,1.1,0.0,1100.0,2000.0,0.0
DVY,2008-10-31,13.0,1.0,1.3,1.1,0.0,1100.0,2000.0,0.0
DVY,2008-11-30,13.0,1.0,1.3,1.1,0.0,1100.0,2000.0,0.0
DVY,2008-12-31,13.0,1.0,1.3,1.1,0.0,1100.0,2000.0,0.0
DVY,2009-01-31,13.0,1.0,1.3,1.1,0.0,1100.0,2000.0,0.0
DVY,2009-02-28,13.0,1.0,1.3,1.1,0.0,1100.0,2000.0,0.0
DVY,2009-03-31,13.0,1.0,1.3,1.1,0.0,1100.0,2000.0,0.0
DVY,2009-04-30,13.0,1.0,1.3,1.1,0.0,1100.0,2000.0,0.0
DVY,2009-05-31,13.0,1.0,1.3,1.1,0.0,1100.0,2000.0,0.0
DVY,2009-06-30,13.0,1.0,1.3,1.1,0.0,1100.0,2000.0,0.0
DVY,2009-07-31,13.0,1.0,1.3,1.1,0.0,1100.0,2000.0,0.0
DVY,2009-08-31,13.0,1.0,1.3,1.1,0.0,1100.0,2000.0,0.0
DVY,2009-09-30,13.0,1.0,1.3,1.1,0.0,1100.0,2000.0,0.0
DVY,2009-10-31,13.0,1.0,1.3,1.1,0.0,1100.0,2000.0,0.0
DVY,2009-11-30,13.0,1.0,1.3,1.1,0.0,1100.0,2000.0,0.0
DVY,2009-12-31,13.0,1.0,1.3,1.1,0.0,1100.0,2000.0,0.0
DVY,2010-01-31,14.3,1.0,1.4300000000000002,1.6500000000000001,50.0,1650.0000000000002,4000.0,100.0
DVY,2010-02-28,14.3,1.0,1.4300000000000002,1.6500000000000001,0.0,1650.0000000000002,4000.0,0.0
DVY,2010-03-31,14.3,1.0,1.4300000000000002,1.6500000000000001,0.0,1650.0000000000002,4000.0,0.0
DVY,2010-04-30,14.3,1.0,1.4300000000000002,1.6500000000000001,0.0,1650.0000000000002,4000.0,0.0
DVY,2010-05-31,14.3,1.0,1.4300000000000002,1.6500000000000001,0.0,1650.0000000000002,4000.0,0.0
DVY,2010-06-30,14.3,1.0,1.4300000000000002,1.6500000000000001,0.0,1650.0000000000002,4000.0,0.0
DVY,2010-07-31,14.3,1.0,1.4300000000000002,1.6500000000000001,0.0,1650.0000000000002,4000.0,0.0
DVY,2010-08-31,14.3,1.0,1.4300000000000002,1.6500000000000001,0.0,1650.0000000000002,4000.0,0.0
DVY,2010-09-30,14.3,1.0,1.4300000000000002,1.6500000000000001,0.0,1650.0000000000002,4000.0,0.0
DVY,2010-10-31,14.3,1.0,1.4300000000000002,1.6500000000000001,0.0,1650.0000000000002,4000.0,0.0
DVY,2010-11-30,14.3,1.0,1.4300000000000002,1.6500000000000001,0.0,1650.0000000000002,4000.0,0.0
DVY,2010-12-31,14.3,1.0,1.4300000000000002,1.6500000000000001,0.0,1650.0000000000002,4000.0,0.0
DVY,2011-01-31,14.3,1.0,1.4300000000000002,1.6500000000000001,0.0,1650.0000000000002,4000.0,0.0
DVY,2011-02-28,14.3,1.0,1.4300000000000002,1.6500000000000001,0.0,1650.0000000000002,4000.0,0.0
DVY,2011-03-31,14.3,1.0,1.4300000000000002,1.6500000000000001,0.0,1650.0000000000002,4000.0,0.0
DVY,2011-04-30,14.3,1.0,1.4300000000000002,1.6500000000000001,0.0,1650.0000000000002,4000.0,0.0
DVY,2011-05-31,14.3,1.0,1.4300000000000002,1.6500000000000001,0.0,1650.0000000000002,4000.0,0.0
DVY,2011-06-30,14.3,1.0,1.4300000000000002,1.6500000000000001,0.0,1650.0000000000002,4000.0,0.0
DVY,2011-07-31,14.3,1.0,1.4300000000000002,1.6500000000000001,0.0,1650.0000000000002,4000.0,0.0
DVY,2011-08-31,14.3,1.0,1.4300000000000002,1.6500000000000001,0.0,1650.0000000000002,4000.0,0.0
DVY,2011-09-30,14.3,1.0,1.4300000000000002,1.6500000000000001,0.0,1650.0000000000002,4000.0,0.0
DVY,2011-10-31,14.3,1.0,1.4300000000000002,1.6500000000000001,0.0,1650.0000000000002,4000.0,0.0
DVY,2011-11-30,14.3,1.0,1.4300000000000002,1.6500000000000001,0.0,1650.0000000000002,4000.0,0.0
DVY,2011-12-31,14.3,1.0,1.4300000000000002,1.6500000000000001,0.0,1650.0000000000002,4000.0,0.0
DVY,2012-01-31,14.3,1.0,1.4300000000000002,1.6500000000000001,0.0,1650.0000000000002,4000.0,0.0
DVY,2012-02-29,14.3,1.0,1.4300000000000002,1.6500000000000001,0.0,1650.0000000000002,4000.0,0.0
DVY,2012-03-31,14.3,1.0,1.4300000000000002,1.6500000000000001,0.0,1650.0000000000002,4000.0,0.0
DVY,2012-04-30,14.3,1.0,1.4300000000000002,1.6500000000000001,0.0,1650.0000000000002,4000.0,0.0
DVY,2012-05-31,14.3,1.0,1.4300000000000002,1.6500000000000001,0.0,1650.0000000000002,4000.0,0.0
DVY,2012-06-30,14.3,1.0,1.4300000000000002,1.6500000000000001,0.0,1650.0000000000002,4000.0,0.0
DVY,2012-07-31,14.3,1.0,1.4300000000000002,1.6500000000000001,0.0,1650.0000000000002,4000.0,0.0
DVY,2012-08-31,14.3,1.0,1.4300000000000002,1.6500000000000001,0.0,1650.0000000000002,4000.0,0.0
DVY,2012-09-30,14.3,1.0,1.4300000000000002,1.6500000000000001,0.0,1650.0000000000002,4000.0,0.0
DVY,2012-10-31,14.3,1.0,1.4300000000000002,1.6500000000000001,0.0,1650.0000000000002,4000.0,0.0
DVY,2012-11-30,14.3,1.0,1.4300000000000002,1.6500000000000001,0.0,1650.0000000000002,4000.0,0.0
DVY,2012-12-31,14.3,1.0,1.4300000000000002,1.6500000000000001,0.0,1650.0000000000002,4000.0,0.0
DVY,2013-01-31,14.3,1.0,1.4300000000000002,1.6500000000000001,0.0,1650.0000000000002,4000.0,0.0
DVY,2013-02-28,14.3,1.0,1.4300000000000002,1.6500000000000001,0.0,1650.0000000000002,4000.0,0.0
DVY,2013-03-31,14.3,1.0,1.4300000000000002,1.6500000000000001,0.0,1650.0000000000002,4000.0,0.0
DVY,2013-04-30,14.3,1.0,1.4300000000000002,1.6500000000000001,0.0,1650.0000000000002,4000.0,0.0
DVY,2013-05-31,14.3,1.0,1.4300000000000002,1.6500000000000001,0.0,1650.0000000000002,4000.0,0.0
DVY,2013-06-30,14.3,1.0,1.4300000000000002,1.6500000000000001,0.0,1650.0000000000002,4000.0,0.0
DVY,2013-07-31,14.3,1.0,1.4300000000000002,1.6500000000000001,0.0,1650.0000000000002,4000.0,0.0
DVY,2013-08-31,14.3,1.0,1.4300000000000002,1.6500000000000001,0.0,1650.0000000000002,4000.0,0.0
DVY,2013-09-30,14.3,1.0,1.4300000000000002,1.6500000000000001,0.0,1650.0000000000002,4000.0,0.0
DVY,2013-10-31,14.3,1.0,1.4300000000000002,1.6500000000000001,0.0,1650.0000000000002,4000.0,0.0
DVY,2013-11-30,14.3,1.0,1.4300000000000002,1.6500000000000001,0.0,1650.0000000000002,4000.0,0.0
DVY,2013-12-31,14.3,1.0,1.4300000000000002,1.6500000000000001,0.0,1650.0000000000002,4000.0,0.0
DVY,2014-01-31,14.3,1.0,1.4300000000000002,1.6500000000000001,0.0,1650.0000000000002,4000.0,0.0
DVY,2014-02-28,14.3,1.0,1.4300000000000002,1.6500000000000001,0.0,1650.0000000000002,4000.0,0.0
DVY,2014-03-31,14.3,1.0,1.4300000000000002,1.6500000000000001,0.0,1650.0000000000002,4000.0,0.0
DVY,2014-04-30,14.3,1.0,1.4300000000000002,1.6500000000000001,0.0,1650.0000000000002,4000.0,0.0
DVY,2014-05-31,14.3,1.0,1.4300000000000002,1.6500000000000001,0.0,1650.0000000000002,4000.0,0.0
DVY,2014-06-30,14.3,1.0,1.4300000000000002,1.6500000000000001,0.0,1650.0000000000002,4000.0,0.0
DVY,2014-07-31,14.3,1.0,1.4300000000000002,1.6500000000000001,0.0,1650.0000000000002,4000.0,0.0
DVY,2014-08-31,14.3,1.0,1.4300000000000002,1.6500000000000001,0.0,1650.0000000000002,4000.0,0.0
DVY,2014-09-30,14.3,1.0,1.4300000000000002,1.6500000000000001,0.0,1650.0000000000002,4000.0,0.0
DVY,2014-10-31,14.3,1.0,1.4300000000000002,1.6500000000000001,0.0,1650.0000000000002,4000.0,0.0
DVY,2014-11-30,14.3,1.0,1.4300000000000002,1.6500000000000001,0.0,1650.0000000000002,4000.0,0.0
DVY,2014-12-31,14.3,1.0,1.4300000000000002,1.6500000000000001,0.0,1650.0000000000002,4000.0,0.0
DVY,2015-01-31,14.3,1.0,1.4300000000000002,1.6500000000000001,0.0,1650.0000000000002,4000.0,0.0
DVY,2015-02-28,14.3,1.0,1.4300000000000002,1.6500000000000001,0.0,1650.0000000000002,4000.0,0.0
DVY,2015-03-31,14.3,1.0,1.4300000000000002,1.6500000000000001,0.0,1650.0000000000002,4000.0,0.0
DVY,2015-04-30,14.3,1.0,1.4300000000000002,1.6500000000000001,0.0,1650.0000000000002,4000.0,0.0
DVY,2015-05-31,14.3,1.0,1.4300000000000002,1.6500000000000001,0.0,1650.0000000000002,4000.0,0.0
DVY,2015-06-30,14.3,1.0,1.4300000000000002,1.6500000000000001,0.0,1650.0000000000002,4000.0,0.0
DVY,2015-07-31,14.3,1.0,1.4300000000000002,1.6500000000000001,0.0,1650.0000000000002,4000.0,0.0
DVY,2015-08-31,14.3,1.0,1.4300000000000002,1.6500000000000001,0.0,1650.0000000000002,4000.0,0.0
DVY,2015-09-30,14.3,1.0,1.4300000000000002,1.6500000000000001,0.0,1650.0000000000002,4000.0,0.0
DVY,2015-10-31,14.3,1.0,1.4300000000000002,1.6500000000000001,0.0,1650.0000000000002,4000.0,0.0
DVY,2015-11-30,14.3,1.0,1.4300000000000002,1.6500000000000001,0.0,1650.0000000000002,4000.0,0.0
DVY,2015-12-31,14.3,1.0,1.4300000000000002,1.6500000000000001,0.0,1650.0000000000002,4000.0,0.0
DVY,2016-01-31,14.3,1.0,1.4300000000000002,1.6500000000000001,0.0,1650.0000000000002,4000.0,0.0
DVY,2016-02-29,14.3,1.0,1.4300000000000002,1.6500000000000001,0.0,1650.0000000000002,4000.0,0.0
DVY,2016-03-31,14.3,1.0,1.4300000000000002,1.6500000000000001,0.0,1650.0000000000002,4000.0,0.0
DVY,2016-04-30,14.3,1.0,1.4300000000000002,1.6500000000000001,0.0,1650.0000000000002,4000.0,0.0
DVY,2016-05-31,14.3,1.0,1.4300000000000002,1.6500000000000001,0.0,1650.0000000000002,4000.0,0.0
DVY,2016-06-30,14.3,1.0,1.4300000000000002,1.6500000000000001,0.0,1650.0000000000002,4000.0,0.0
DVY,2016-07-31,14.3,1.0,1.4300000000000002,1.6500000000000001,0.0,1650.0000000000002,4000.0,0.0
DVY,2016-08-31,14.3,1.0,1.4300000000000002,1.6500000000000001,0.0,1650.0000000000002,4000.0,0.0
DVY,2016-09-30,14.3,1.0,1.4300000000000002,1.6500000000000001,0.0,1650.0000000000002,4000.0,0.0
DVY,2016-10-31,14.3,1.0,1.4300000000000002,1.6500000000000001,0.0,1650.0000000000002,4000.0,0.0
DVY,2016-11-30,14.3,1.0,1.4300000000000002,1.6500000000000001,0.0,1650.0000000000002,4000.0,0.0
DVY,2016-12-31,14.3,1.0,1.4300000000000002,1.6500000000000001,0.0,1650.0000000000002,4000.0,0.0
DVY,2017-01-31,14.3,1.0,1.4300000000000002,1.6500000000000001,0.0,1650.0000000000002,4000.0,0.0
DVY,2017-02-28,14.3,1.0,1.4300000000000002,1.6500000000000001,0.0,1650.0000000000002,4000.0,0.0
DVY,2017-03-31,14.3,1.0,1.4300000000000002,1.6500000000000001,0.0,1650.0000000000002,4000.0,0.0
DVY,2017-04-30,14.3,1.0,1.4300000000000002,1.6500000000000001,0.0,1650.0000000000002,4000.0,0.0
DVY,2017-05-31,14.3,1.0,1.4300000000000002,1.6500000000000001,0.0,1650.0000000000002,4000.0,0.0
DVY,2017-06-30,14.3,1.0,1.4300000000000002,1.6500000000000001,0.0,1650.0000000000002,4000.0,0.0
DVY,2017-07-31,14.3,1.0,1.4300000000000002,1.6500000000000001,0.0,1650.0000000000002,4000.0,0.0
DVY,2017-08-31,14.3,1.0,1.4300000000000002,1.6500000000000001,0.0,1650.0000000000002,4000.0,0.0
DVY,2017-09-30,14.3,1.0,1.4300000000000002,1.6500000000000001,0.0,1650.0000000000002,4000.0,0.0
DVY,2017-10-31,14.3,1.0,1.4300000000000002,1.6500000000000001,0.0,1650.0000000000002,4000.0,0.0
DVY,2017-11-30,14.3,1.0,1.4300000000000002,1.6500000000000001,0.0,1650.0000000000002,4000.0,0.0
DVY,2017-12-31,14.3,1.0,1.4300000000000002,1.6500000000000001,0.0,1650.0000000000002,4000.0,0.0
DVY,2018-01-31,14.3,1.0,1.4300000000000002,1.6500000000000001,0.0,1650.0000000000002,4000.0,0.0
DVY,2018-02-28,14.3,1.0,1.4300000000000002,1.6500000000000001,0.0,1650.0000000000002,4000.0,0.0
DVY,2018-03-31,14.3,1.0,1.4300000000000002,1.6500000000000001,0.0,1650.0000000000002,4000.0,0.0
DVY,2018-04-30,14.3,1.0,1.4300000000000002,1.6500000000000001,0.0,1650.0000000000002,4000.0,0.0
DVY,2018-05-31,14.3,1.0,1.4300000000000002,1.6500000000000001,0.0,1650.0000000000002,4000.0,0.0
DVY,2018-06-30,14.3,1.0,1.4300000000000002,1.6500000000000001,0.0,1650.0000000000002,4000.0,0.0
DVY,2018-07-31,14.3,1.0,1.4300000000000002,1.6500000000000001,0.0,1650.0000000000002,4000.0,0.0
DVY,2018-08-31,14.3,1.0,1.4300000000000002,1.6500000000000001,0.0,1650.0000000000002,4000.0,0.0
DVY,2018-09-30,14.3,1.0,1.4300000000000002,1.6500000000000001,0.0,1650.0000000000002,4000.0,0.0
DVY,2018-10-31,14.3,1.0,1.4300000000000002,1.6500000000000001,0.0,1650.0000000000002,4000.0,0.0
DVY,2018-11-30,14.3,1.0,1.4300000000000002,1.6500000000000001,0.0,1650.0000000000002,4000.0,0.0
DVY,2018-12-31,14.3,1.0,1.4300000000000002,1.6500000000000001,0.0,1650.0000000000002,4000.0,0.0
DVY,2019-01-31,14.3,1.0,1.4300000000000002,1.6500000000000001,0.0,1650.0000000000002,4000.0,0.0
DVY,2019-02-28,14.3,1.0,1.4300000000000002,1.6500000000000001,0.0,1650.0000000000002,4000.0,0.0
DVY,2019-03-31,14.3,1.0,1.4300000000000002,1.6500000000000001,0.0,1650.0000000000002,4000.0,0.0
DVY,2019-04-30,14.3,1.0,1.4300000000000002,1.6500000000000001,0.0,1650.0000000000002,4000.0,0.0
DVY,2019-05-31,14.3,1.0,1.4300000000000002,1.6500000000000001,0.0,1650.0000000000002,4000.0,0.0
DVY,2019-06-30,14.3,1.0,1.4300000000000002,1.6500000000000001,0.0,1650.0000000000002,4000.0,0.0
DVY,2019-07-31,14.3,1.0,1.4300000000000002,1.6500000000000001,0.0,1650.0000000000002,4000.0,0.0
DVY,2019-08-31,14.3,1.0,1.4300000000000002,1.6500000000000001,0.0,1650.0000000000002,4000.0,0.0
DVY,2019-09-30,14.3,1.0,1.4300000000000002,1.6500000000000001,0.0,1650.0000000000002,4000.0,0.0
DVY,2019-10-31,14.3,1.0,1.4300000000000002,1.6500000000000001,0.0,1650.0000000000002,4000.0,0.0
DVY,2019-11-30,14.3,1.0,1.4300000000000002,1.6500000000000001,0.0,1650.0000000000002,4000.0,0.0
DVY,2019-12-31,14.3,1.0,1.4300000000000002,1.6500000000000001,0.0,1650.0000000000002,4000.0,0.0
DVY,2020-01-31,14.3,1.0,1.4300000000000002,1.6500000000000001,0.0,1650.0000000000002,4000.0,0.0
DVY,2020-02-29,14.3,1.0,1.4300000000000002,1.6500000000000001,0.0,1650.0000000000002,4000.0,0.0
DVY,2020-03-31,14.3,1.0,1.4300000000000002,1.6500000000000001,0.0,1650.0000000000002,4000.0,0.0
DVY,2020-04-30,14.3,1.0,1.4300000000000002,1.6500000000000001,0.0,1650.0000000000002,4000.0,0.0
DVY,2020-05-31,14.3,1.0,1.4300000000000002,1.6500000000000001,0.0,1650.0000000000002,4000.0,0.0
DVY,2020-06-30,14.3,1.0,1.4300000000000002,1.6500000000000001,0.0,1650.0000000000002,4000.0,0.0
DVY,2020-07-31,14.3,1.0,1.4300000000000002,1.6500000000000001,0.0,1650.0000000000002,4000.0,0.0
DVY,2020-08-31,14.3,1.0,1.4300000000000002,1.6500000000000001,0.0,1650.0000000000002,4000.0,0.0
DVY,2020-09-30,14.3,1.0,1.4300000000000002,1.6500000000000001,0.0,1650.0000000000002,4000.0,0.0
DVY,2020-10-31,14.3,1.0,1.4300000000000002,1.6500000000000001,0.0,1650.0000000000002,4000.0,0.0
DVY,2020-11-30,14.3,1.0,1.4300000000000002,1.6500000000000001,0.0,1650.0000000000002,4000.0,0.0
DVY,2020-12-31,14.3,1.0,1.4300000000000002,1.6500000000000001,0.0,1650.0000000000002,4000.0,0.0
DVY,2021-01-31,14.3,1.0,1.4300000000000002,1.6500000000000001,0.0,1650.0000000000002,4000.0,0.0
DVY,2021-02-28,14.3,1.0,1.4300000000000002,1.6500000000000001,0.0,1650.0000000000002,4000.0,0.0
DVY,2021-03-31,14.3,1.0,1.4300000000000002,1.6500000000000001,0.0,1650.0000000000002,4000.0,0.0
DVY,2021-04-30,14.3,1.0,1.4300000000000002,1.6500000000000001,0.0,1650.0000000000002,4000.0,0.0
DVY,2021-05-31,14.3,1.0,1.4300000000000002,1.6500000000000001,0.0,1650.0000000000002,4000.0,0.0
DVY,2021-06-30,14.3,1.0,1.4300000000000002,1.6500000000000001,0.0,1650.0000000000002,4000.0,0.0
DVY,2021-07-31,14.3,1.0,1.4300000000000002,1.6500000000000001,0.0,1650.0000000000002,4000.0,0.0
DVY,2021-08-31,14.3,1.0,1.4300000000000002,1.6500000000000001,0.0,1650.0000000000002,4000.0,0.0
DVY,2021-09-30,14.3,1.0,1.4300000000000002,1.6500000000000001,0.0,1650.0000000000002,4000.0,0.0
DVY,2021-10-31,14.3,1.0,1.4300000000000002,1.6500000000000001,0.0,1650.0000000000002,4000.0,0.0
DVY,2021-11-30,14.3,1.0,1.4300000000000002,1.6500000000000001,0.0,1650.0000000000002,4000.0,0.0
DVY,2021-12-31,14.3,1.0,1.4300000000000002,1.6500000000000001,0.0,1650.0000000000002,4000.0,0.0
DVY,2022-01-31,14.3,1.0,1.4300000000000002,1.6500000000000001,0.0,1650.0000000000002,4000.0,0.0
DVY,2022-02-28,14.3,1.0,1.4300000000000002,1.6500000000000001,0.0,1650.0000000000002,4000.0,0.0
DVY,2022-03-31,14.3,1.0,1.4300000000000002,1.6500000000000001,0.0,1650.0000000000002,4000.0,0.0
DVY,2022-04-30,14.3,1.0,1.4300000000000002,1.6500000000000001,0.0,1650.0000000000002,4000.0,0.0
DVY,2022-05-31,14.3,1.0,1.4300000000000002,1.6500000000000001,0.0,1650.0000000000002,4000.0,0.0
DVY,2022-06-30,14.3,1.0,1.4300000000000002,1.6500000000000001,0.0,1650.0000000000002,4000.0,0.0
DVY,2022-07-31,14.3,1.0,1.4300000000000002,1.6500000000000001,0.0,1650.0000000000002,4000.0,0.0
DVY,2022-08-31,14.3,1.0,1.4300000000000002,1.6500000000000001,0.0,1650.0000000000002,4000.0,0.0
DVY,2022-09-30,14.3,1.0,1.4300000000000002,1.6500000000000001,0.0,1650.0000000000002,4000.0,0.0
DVY,2022-10-31,14.3,1.0,1.4300000000000002,1.6500000000000001,0.0,1650.0000000000002,4000.0,0.0
DVY,2022-11-30,14.3,1.0,1.4300000000000002,1.6500000000000001,0.0,1650.0000000000002,4000.0,0.0
DVY,2022-12-31,14.3,1.0,1.4300000000000002,1.6500000000000001,0.0,1650.0000000000002,4000.0,0.0
DVY,2023-01-31,14.3,1.0,1.4300000000000002,1.6500000000000001,0.0,1650.0000000000002,4000.0,0.0
DVY,2023-02-28,14.3,1.0,1.4300000000000002,1.6500000000000001,0.0,1650.0000000000002,4000.0,0.0
DVY,2023-03-31,14.3,1.0,1.4300000000000002,1.6500000000000001,0.0,1650.0000000000002,4000.0,0.0
DVY,2023-04-30,14.3,1.0,1.4300000000000002,1.6500000000000001,0.0,1650.0000000000002,4000.0,0.0
DVY,2023-05-31,14.3,1.0,1.4300000000000002,1.6500000000000001,0.0,1650.0000000000002,4000.0,0.0
DVY,2023-06-30,14.3,1.0,1.4300000000000002,1.6500000000000001,0.0,1650.0000000000002,4000.0,0.0
DVY,2023-07-31,14.3,1.0,1.4300000000000002,1.6500000000000001,0.0,1650.0000000000002,4000.0,0.0
DVY,2023-08-31,14.3,1.0,1.4300000000000002,1.6500000000000001,0.0,1650.0000000000002,4000.0,0.0
DVY,2023-09-30,14.3,1.0,1.4300000000000002,1.6500000000000001,0.0,1650.0000000000002,4000.0,0.0
DVY,2023-10-31,14.3,1.0,1.4300000000000002,1.6500000000000001,0.0,1650.0000000000002,4000.0,0.0
DVY,2023-11-30,14.3,1.0,1.4300000000000002,1.6500000000000001,0.0,1650.0000000000002,4000.0,0.0
DVY,2023-12-31,14.3,1.0,1.4300000000000002,1.6500000000000001,0.0,1650.0000000000002,4000.0,0.0
DVY,2024-01-31,14.3,1.0,1.4300000000000002,1.6500000000000001,0.0,1650.0000000000002,4000.0,0.0
DVY,2024-02-29,14.3,1.0,1.4300000000000002,1.6500000000000001,0.0,1650.0000000000002,4000.0,0.0
DVY,2024-03-31,14.3,1.0,1.4300000000000002,1.6500000000000001,0.0,1650.0000000000002,4000.0,0.0
DVY,2024-04-30,14.3,1.0,1.4300000000000002,1.6500000000000001,0.0,1650.0000000000002,4000.0,0.0
DVY,2024-05-31,14.3,1.0,1.4300000000000002,1.6500000000000001,0.0,1650.0000000000002,4000.0,0.0
DVY,2024-06-30,14.3,1.0,1.4300000000000002,1.6500000000000001,0.0,1650.0000000000002,4000.0,0.0
DVY,2024-07-31,14.3,1.0,1.4300000000000002,1.6500000000000001,0.0,1650.0000000000002,4000.0,0.0
DVY,2024-08-31,14.3,1.0,1.4300000000000002,1.6500000000000001,0.0,1650.0000000000002,4000.0,0.0
DVY,2024-09-30,14.3,1.0,1.4300000000000002,1.6500000000000001,0.0,1650.0000000000002,4000.0,0.0
DVY,2024-10-31,14.3,1.0,1.4300000000000002,1.6500000000000001,0.0,1650.0000000000002,4000.0,0.0
DVY,2024-11-30,14.3,1.0,1.4300000000000002,1.6500000000000001,0.0,1650.0000000000002,4000.0,0.0
DVY,2024-12-31,14.3,1.0,1.4300000000000002,1.6500000000000001,0.0,1650.0000000000002,4000.0,0.0
DVY,2025-01-31,15.6,1.0,1.56,2.2,33.33333333333333,2200.0,6000.0,50.0
DVY,2025-02-28,15.6,1.0,1.56,2.2,0.0,2200.0,6000.0,0.0
DVY,2025-03-31,15.6,1.0,1.56,2.2,0.0,2200.0,6000.0,0.0
DVY,2025-04-30,15.6,1.0,1.56,2.2,0.0,2200.0,6000.0,0.0
DVY,2025-05-31,15.6,1.0,1.56,2.2,0.0,2200.0,6000.0,0.0
DVY,2025-06-30,15.6,1.0,1.56,2.2,0.0,2200.0,6000.0,0.0
DVY,2025-07-31,15.6,1.0,1.56,2.2,0.0,2200.0,6000.0,0.0
DVY,2025-08-31,15.6,1.0,1.56,2.2,0.0,2200.0,6000.0,0.0
DVY,2025-09-30,15.6,1.0,1.56,2.2,0.0,2200.0,6000.0,0.0
DVY,2025-10-31,15.6,1.0,1.56,2.2,0.0,2200.0,6000.0,0.0
DVY,2025-11-30,15.6,1.0,1.56,2.2,0.0,2200.0,6000.0,0.0
DVY,2025-12-31,15.6,1.0,1.56,2.2,0.0,2200.0,6000.0,0.0
IVV,2000-05-31,14.0,1.0,1.4,1.2,,1200.0,3000.0,
IVV,2000-06-30,14.0,1.0,1.4,1.2,0.0,1200.0,3000.0,0.0
IVV,2000-07-31,14.0,1.0,1.4,1.2,0.0,1200.0,3000.0,0.0
IVV,2000-08-31,14.0,1.0,1.4,1.2,0.0,1200.0,3000.0,0.0
IVV,2000-09-30,14.0,1.0,1.4,1.2,0.0,1200.0,3000.0,0.0
IVV,2000-10-31,14.0,1.0,1.4,1.2,0.0,1200.0,3000.0,0.0
IVV,2000-11-30,14.0,1.0,1.4,1.2,0.0,1200.0,3000.0,0.0
IVV,2000-12-31,14.0,1.0,1.4,1.2,0.0,1200.0,3000.0,0.0
IVV,2001-01-31,14.0,1.0,1.4,1.2,0.0,1200.0,3000.0,0.0
IVV,2001-02-28,14.0,1.0,1.4,1.2,0.0,1200.0,3000.0,0.0
IVV,2001-03-31,14.0,1.0,1.4,1.2,0.0,1200.0,3000.0,0.0
IVV,2001-04-30,14.0,1.0,1.4,1.2,0.0,1200.0,3000.0,0.0
IVV,2001-05-31,14.0,1.0,1.4,1.2,0.0,1200.0,3000.0,0.0
IVV,2001-06-30,14.0,1.0,1.4,1.2,0.0,1200.0,3000.0,0.0
IVV,2001-07-31,14.0,1.0,1.4,1.2,0.0,1200.0,3000.0,0.0
IVV,2001-08-31,14.0,1.0,1.4,1.2,0.0,1200.0,3000.0,0.0
IVV,2001-09-30,14.0,1.0,1.4,1.2,0.0,1200.0,3000.0,0.0
IVV,2001-10-31,14.0,1.0,1.4,1.2,0.0,1200.0,3000.0,0.0
IVV,2001-11-30,14.0,1.0,1.4,1.2,0.0,1200.0,3000.0,0.0
IVV,2001-12-31,14.0,1.0,1.4,1.2,0.0,1200.0,3000.0,0.0
IVV,2002-01-31,14.0,1.0,1.4,1.2,0.0,1200.0,3000.0,0.0
IVV,2002-02-28,14.0,1.0,1.4,1.2,0.0,1200.0,3000.0,0.0
IVV,2002-03-31,14.0,1.0,1.4,1.2,0.0,1200.0,3000.0,0.0
IVV,2002-04-30,14.0,1.0,1.4,1.2,0.0,1200.0,3000.0,0.0
IVV,2002-05-31,14.0,1.0,1.4,1.2,0.0,1200.0,3000.0,0.0
IVV,2002-06-30,14.0,1.0,1.4,1.2,0.0,1200.0,3000.0,0.0
IVV,2002-07-31,14.0,1.0,1.4,1.2,0.0,1200.0,3000.0,0.0
IVV,2002-08-31,14.0,1.0,1.4,1.2,0.0,1200.0,3000.0,0.0
IVV,2002-09-30,14.0,1.0,1.4,1.2,0.0,1200.0,3000.0,0.0
IVV,2002-10-31,14.0,1.0,1.4,1.2,0.0,1200.0,3000.0,0.0
IVV,2002-11-30,14.0,1.0,1.4,1.2,0.0,1200.0,3000.0,0.0
IVV,2002-12-31,14.0,1.0,1.4,1.2,0.0,1200.0,3000.0,0.0
IVV,2003-01-31,14.0,1.0,1.4,1.2,0.0,1200.0,3000.0,0.0
IVV,2003-02-28,14.0,1.0,1.4,1.2,0.0,1200.0,3000.0,0.0
IVV,2003-03-31,14.0,1.0,1.4,1.2,0.0,1200.0,3000.0,0.0
IVV,2003-04-30,14.0,1.0,1.4,1.2,0.0,1200.0,3000.0,0.0
IVV,2003-05-31,14.0,1.0,1.4,1.2,0.0,1200.0,3000.0,0.0
IVV,2003-06-30,14.0,1.0,1.4,1.2,0.0,1200.0,3000.0,0.0
IVV,2003-07-31,14.0,1.0,1.4,1.2,0.0,1200.0,3000.0,0.0
IVV,2003-08-31,14.0,1.0,1.4,1.2,0.0,1200.0,3000.0,0.0
IVV,2003-09-30,14.0,1.0,1.4,1.2,0.0,1200.0,3000.0,0.0
IVV,2003-10-31,14.0,1.0,1.4,1.2,0.0,1200.0,3000.0,0.0
IVV,2003-11-30,14.0,1.0,1.4,1.2,0.0,1200.0,3000.0,0.0
IVV,2003-12-31,14.0,1.0,1.4,1.2,0.0,1200.0,3000.0,0.0
IVV,2004-01-31,14.0,1.0,1.4,1.2,0.0,1200.0,3000.0,0.0
IVV,2004-02-29,14.0,1.0,1.4,1.2,0.0,1200.0,3000.0,0.0
IVV,2004-03-31,14.0,1.0,1.4,1.2,0.0,1200.0,3000.0,0.0
IVV,2004-04-30,14.0,1.0,1.4,1.2,0.0,1200.0,3000.0,0.0
IVV,2004-05-31,14.0,1.0,1.4,1.2,0.0,1200.0,3000.0,0.0
IVV,2004-06-30,14.0,1.0,1.4,1.2,0.0,1200.0,3000.0,0.0
IVV,2004-07-31,14.0,1.0,1.4,1.2,0.0,1200.0,3000.0,0.0
IVV,2004-08-31,14.0,1.0,1.4,1.2,0.0,1200.0,3000.0,0.0
IVV,2004-09-30,14.0,1.0,1.4,1.2,0.0,1200.0,3000.0,0.0
IVV,2004-10-31,14.0,1.0,1.4,1.2,0.0,1200.0,3000.0,0.0
IVV,2004-11-30,14.0,1.0,1.4,1.2,0.0,1200.0,3000.0,0.0
IVV,2004-12-31,14.0,1.0,1.4,1.2,0.0,1200.0,3000.0,0.0
IVV,2005-01-31,14.0,1.0,1.4,1.2,0.0,1200.0,3000.0,0.0
IVV,2005-02-28,14.0,1.0,1.4,1.2,0.0,1200.0,3000.0,0.0
IVV,2005-03-31,14.0,1.0,1.4,1.2,0.0,1200.0,3000.0,0.0
IVV,2005-04-30,14.0,1.0,1.4,1.2,0.0,1200.0,3000.0,0.0
IVV,2005-05-31,14.0,1.0,1.4,1.2,0.0,1200.0,3000.0,0.0
IVV,2005-06-30,14.0,1.0,1.4,1.2,0.0,1200.0,3000.0,0.0
IVV,2005-07-31,14.0,1.0,1.4,1.2,0.0,1200.0,3000.0,0.0
IVV,2005-08-31,14.0,1.0,1.4,1.2,0.0,1200.0,3000.0,0.0
IVV,2005-09-30,14.0,1.0,1.4,1.2,0.0,1200.0,3000.0,0.0
IVV,2005-10-31,14.0,1.0,1.4,1.2,0.0,1200.0,3000.0,0.0
IVV,2005-11-30,14.0,1.0,1.4,1.2,0.0,1200.0,3000.0,0.0
IVV,2005-12-31,14.0,1.0,1.4,1.2,0.0,1200.0,3000.0,0.0
IVV,2006-01-31,14.0,1.0,1.4,1.2,0.0,1200.0,3000.0,0.0
IVV,2006-02-28,14.0,1.0,1.4,1.2,0.0,1200.0,3000.0,0.0
IVV,2006-03-31,14.0,1.0,1.4,1.2,0.0,1200.0,3000.0,0.0
IVV,2006-04-30,14.0,1.0,1.4,1.2,0.0,1200.0,3000.0,0.0
IVV,2006-05-31,14.0,1.0,1.4,1.2,0.0,1200.0,3000.0,0.0
IVV,2006-06-30,14.0,1.0,1.4,1.2,0.0,1200.0,3000.0,0.0
IVV,2006-07-31,14.0,1.0,1.4,1.2,0.0,1200.0,3000.0,0.0
IVV,2006-08-31,14.0,1.0,1.4,1.2,0.0,1200.0,3000.0,0.0
IVV,2006-09-30,14.0,1.0,1.4,1.2,0.0,1200.0,3000.0,0.0
IVV,2006-10-31,14.0,1.0,1.4,1.2,0.0,1200.0,3000.0,0.0
IVV,2006-11-30,14.0,1.0,1.4,1.2,0.0,1200.0,3000.0,0.0
IVV,2006-12-31,14.0,1.0,1.4,1.2,0.0,1200.0,3000.0,0.0
IVV,2007-01-31,14.0,1.0,1.4,1.2,0.0,1200.0,3000.0,0.0
IVV,2007-02-28,14.0,1.0,1.4,1.2,0.0,1200.0,3000.0,0.0
IVV,2007-03-31,14.0,1.0,1.4,1.2,0.0,1200.0,3000.0,0.0
IVV,2007-04-30,14.0,1.0,1.4,1.2,0.0,1200.0,3000.0,0.0
IVV,2007-05-31,14.0,1.0,1.4,1.2,0.0,1200.0,3000.0,0.0
IVV,2007-06-30,14.0,1.0,1.4,1.2,0.0,1200.0,3000.0,0.0
IVV,2007-07-31,14.0,1.0,1.4,1.2,0.0,1200.0,3000.0,0.0
IVV,2007-08-31,14.0,1.0,1.4,1.2,0.0,1200.0,3000.0,0.0
IVV,2007-09-30,14.0,1.0,1.4,1.2,0.0,1200.0,3000.0,0.0
IVV,2007-10-31,14.0,1.0,1.4,1.2,0.0,1200.0,3000.0,0.0
IVV,2007-11-30,14.0,1.0,1.4,1.2,0.0,1200.0,3000.0,0.0
IVV,2007-12-31,14.0,1.0,1.4,1.2,0.0,1200.0,3000.0,0.0
IVV,2008-01-31,14.0,1.0,1.4,1.2,0.0,1200.0,3000.0,0.0
IVV,2008-02-29,14.0,1.0,1.4,1.2,0.0,1200.0,3000.0,0.0
IVV,2008-03-31,14.0,1.0,1.4,1.2,0.0,1200.0,3000.0,0.0
IVV,2008-04-30,14.0,1.0,1.4,1.2,0.0,1200.0,3000.0,0.0
IVV,2008-05-31,14.0,1.0,1.4,1.2,0.0,1200.0,3000.0,0.0
IVV,2008-06-30,14.0,1.0,1.4,1.2,0.0,1200.0,3000.0,0.0
IVV,2008-07-31,14.0,1.0,1.4,1.2,0.0,1200.0,3000.0,0.0
IVV,2008-08-31,14.0,1.0,1.4,1.2,0.0,1200.0,3000.0,0.0
IVV,2008-09-30,14.0,1.0,1.4,1.2,0.0,1200.0,3000.0,0.0
IVV,2008-10-31,14.0,1.0,1.4,1.2,0.0,1200.0,3000.0,0.0
IVV,2008-11-30,14.0,1.0,1.4,1.2,0.0,1200.0,3000.0,0.0
IVV,2008-12-31,14.0,1.0,1.4,1.2,0.0,1200.0,3000.0,0.0
IVV,2009-01-31,14.0,1.0,1.4,1.2,0.0,1200.0,3000.0,0.0
IVV,2009-02-28,14.0,1.0,1.4,1.2,0.0,1200.0,3000.0,0.0
IVV,2009-03-31,14.0,1.0,1.4,1.2,0.0,1200.0,3000.0,0.0
IVV,2009-04-30,14.0,1.0,1.4,1.2,0.0,1200.0,3000.0,0.0
IVV,2009-05-31,14.0,1.0,1.4,1.2,0.0,1200.0,3000.0,0.0
IVV,2009-06-30,14.0,1.0,1.4,1.2,0.0,1200.0,3000.0,0.0
IVV,2009-07-31,14.0,1.0,1.4,1.2,0.0,1200.0,3000.0,0.0
IVV,2009-08-31,14.0,1.0,1.4,1.2,0.0,1200.0,3000.0,0.0
IVV,2009-09-30,14.0,1.0,1.4,1.2,0.0,1200.0,3000.0,0.0
IVV,2009-10-31,14.0,1.0,1.4,1.2,0.0,1200.0,3000.0,0.0
IVV,2009-11-30,14.0,1.0,1.4,1.2,0.0,1200.0,3000.0,0.0
IVV,2009-12-31,14.0,1.0,1.4,1.2,0.0,1200.0,3000.0,0.0
IVV,2010-01-31,15.400000000000002,1.0,1.5400000000000003,1.7999999999999998,50.0,1799.9999999999998,6000.0,100.0
IVV,2010-02-28,15.400000000000002,1.0,1.5400000000000003,1.7999999999999998,0.0,1799.9999999999998,6000.0,0.0
IVV,2010-03-31,15.400000000000002,1.0,1.5400000000000003,1.7999999999999998,0.0,1799.9999999999998,6000.0,0.0
IVV,2010-04-30,15.400000000000002,1.0,1.5400000000000003,1.7999999999999998,0.0,1799.9999999999998,6000.0,0.0
IVV,2010-05-31,15.400000000000002,1.0,1.5400000000000003,1.7999999999999998,0.0,1799.9999999999998,6000.0,0.0
IVV,2010-06-30,15.400000000000002,1.0,1.5400000000000003,1.7999999999999998,0.0,1799.9999999999998,6000.0,0.0
IVV,2010-07-31,15.400000000000002,1.0,1.5400000000000003,1.7999999999999998,0.0,1799.9999999999998,6000.0,0.0
IVV,2010-08-31,15.400000000000002,1.0,1.5400000000000003,1.7999999999999998,0.0,1799.9999999999998,6000.0,0.0
IVV,2010-09-30,15.400000000000002,1.0,1.5400000000000003,1.7999999999999998,0.0,1799.9999999999998,6000.0,0.0
IVV,2010-10-31,15.400000000000002,1.0,1.5400000000000003,1.7999999999999998,0.0,1799.9999999999998,6000.0,0.0
IVV,2010-11-30,15.400000000000002,1.0,1.5400000000000003,1.7999999999999998,0.0,1799.9999999999998,6000.0,0.0
IVV,2010-12-31,15.400000000000002,1.0,1.5400000000000003,1.7999999999999998,0.0,1799.9999999999998,6000.0,0.0
IVV,2011-01-31,15.400000000000002,1.0,1.5400000000000003,1.7999999999999998,0.0,1799.9999999999998,6000.0,0.0
IVV,2011-02-28,15.400000000000002,1.0,1.5400000000000003,1.7999999999999998,0.0,1799.9999999999998,6000.0,0.0
IVV,2011-03-31,15.400000000000002,1.0,1.5400000000000003,1.7999999999999998,0.0,1799.9999999999998,6000.0,0.0
IVV,2011-04-30,15.400000000000002,1.0,1.5400000000000003,1.7999999999999998,0.0,1799.9999999999998,6000.0,0.0
IVV,2011-05-31,15.400000000000002,1.0,1.5400000000000003,1.7999999999999998,0.0,1799.9999999999998,6000.0,0.0
IVV,2011-06-30,15.400000000000002,1.0,1.5400000000000003,1.7999999999999998,0.0,1799.9999999999998,6000.0,0.0
IVV,2011-07-31,15.400000000000002,1.0,1.5400000000000003,1.7999999999999998,0.0,1799.9999999999998,6000.0,0.0
IVV,2011-08-31,15.400000000000002,1.0,1.5400000000000003,1.7999999999999998,0.0,1799.9999999999998,6000.0,0.0
IVV,2011-09-30,15.400000000000002,1.0,1.5400000000000003,1.7999999999999998,0.0,1799.9999999999998,6000.0,0.0
IVV,2011-10-31,15.400000000000002,1.0,1.5400000000000003,1.7999999999999998,0.0,1799.9999999999998,6000.0,0.0
IVV,2011-11-30,15.400000000000002,1.0,1.5400000000000003,1.7999999999999998,0.0,1799.9999999999998,6000.0,0.0
IVV,2011-12-31,15.400000000000002,1.0,1.5400000000000003,1.7999999999999998,0.0,1799.9999999999998,6000.0,0.0
IVV,2012-01-31,15.400000000000002,1.0,1.5400000000000003,1.7999999999999998,0.0,1799.9999999999998,6000.0,0.0
IVV,2012-02-29,15.400000000000002,1.0,1.5400000000000003,1.7999999999999998,0.0,1799.9999999999998,6000.0,0.0
IVV,2012-03-31,15.400000000000002,1.0,1.5400000000000003,1.7999999999999998,0.0,1799.9999999999998,6000.0,0.0
IVV,2012-04-30,15.400000000000002,1.0,1.5400000000000003,1.7999999999999998,0.0,1799.9999999999998,6000.0,0.0
IVV,2012-05-31,15.400000000000002,1.0,1.5400000000000003,1.7999999999999998,0.0,1799.9999999999998,6000.0,0.0
IVV,2012-06-30,15.400000000000002,1.0,1.5400000000000003,1.7999999999999998,0.0,1799.9999999999998,6000.0,0.0
IVV,2012-07-31,15.400000000000002,1.0,1.5400000000000003,1.7999999999999998,0.0,1799.9999999999998,6000.0,0.0
IVV,2012-08-31,15.400000000000002,1.0,1.5400000000000003,1.7999999999999998,0.0,1799.9999999999998,6000.0,0.0
IVV,2012-09-30,15.400000000000002,1.0,1.5400000000000003,1.7999999999999998,0.0,1799.9999999999998,6000.0,0.0
IVV,2012-10-31,15.400000000000002,1.0,1.5400000000000003,1.7999999999999998,0.0,1799.9999999999998,6000.0,0.0
IVV,2012-11-30,15.400000000000002,1.0,1.5400000000000003,1.7999999999999998,0.0,1799.9999999999998,6000.0,0.0
IVV,2012-12-31,15.400000000000002,1.0,1.5400000000000003,1.7999999999999998,0.0,1799.9999999999998,6000.0,0.0
IVV,2013-01-31,15.400000000000002,1.0,1.5400000000000003,1.7999999999999998,0.0,1799.9999999999998,6000.0,0.0
IVV,2013-02-28,15.400000000000002,1.0,1.5400000000000003,1.7999999999999998,0.0,1799.9999999999998,6000.0,0.0
IVV,2013-03-31,15.400000000000002,1.0,1.5400000000000003,1.7999999999999998,0.0,1799.9999999999998,6000.0,0.0
IVV,2013-04-30,15.400000000000002,1.0,1.5400000000000003,1.7999999999999998,0.0,1799.9999999999998,6000.0,0.0
IVV,2013-05-31,15.400000000000002,1.0,1.5400000000000003,1.7999999999999998,0.0,1799.9999999999998,6000.0,0.0
IVV,2013-06-30,15.400000000000002,1.0,1.5400000000000003,1.7999999999999998,0.0,1799.9999999999998,6000.0,0.0
IVV,2013-07-31,15.400000000000002,1.0,1.5400000000000003,1.7999999999999998,0.0,1799.9999999999998,6000.0,0.0
IVV,2013-08-31,15.400000000000002,1.0,1.5400000000000003,1.7999999999999998,0.0,1799.9999999999998,6000.0,0.0
IVV,2013-09-30,15.400000000000002,1.0,1.5400000000000003,1.7999999999999998,0.0,1799.9999999999998,6000.0,0.0
IVV,2013-10-31,15.400000000000002,1.0,1.5400000000000003,1.7999999999999998,0.0,1799.9999999999998,6000.0,0.0
IVV,2013-11-30,15.400000000000002,1.0,1.5400000000000003,1.7999999999999998,0.0,1799.9999999999998,6000.0,0.0
IVV,2013-12-31,15.400000000000002,1.0,1.5400000000000003,1.7999999999999998,0.0,1799.9999999999998,6000.0,0.0
IVV,2014-01-31,15.400000000000002,1.0,1.5400000000000003,1.7999999999999998,0.0,1799.9999999999998,6000.0,0.0
IVV,2014-02-28,15.400000000000002,1.0,1.5400000000000003,1.7999999999999998,0.0,1799.9999999999998,6000.0,0.0
IVV,2014-03-31,15.400000000000002,1.0,1.5400000000000003,1.7999999999999998,0.0,1799.9999999999998,6000.0,0.0
IVV,2014-04-30,15.400000000000002,1.0,1.5400000000000003,1.7999999999999998,0.0,1799.9999999999998,6000.0,0.0
IVV,2014-05-31,15.400000000000002,1.0,1.5400000000000003,1.7999999999999998,0.0,1799.9999999999998,6000.0,0.0
IVV,2014-06-30,15.400000000000002,1.0,1.5400000000000003,1.7999999999999998,0.0,1799.9999999999998,6000.0,0.0
IVV,2014-07-31,15.400000000000002,1.0,1.5400000000000003,1.7999999999999998,0.0,1799.9999999999998,6000.0,0.0
IVV,2014-08-31,15.400000000000002,1.0,1.5400000000000003,1.7999999999999998,0.0,1799.9999999999998,6000.0,0.0
IVV,2014-09-30,15.400000000000002,1.0,1.5400000000000003,1.7999999999999998,0.0,1799.9999999999998,6000.0,0.0
IVV,2014-10-31,15.400000000000002,1.0,1.5400000000000003,1.7999999999999998,0.0,1799.9999999999998,6000.0,0.0
IVV,2014-11-30,15.400000000000002,1.0,1.5400000000000003,1.7999999999999998,0.0,1799.9999999999998,6000.0,0.0
IVV,2014-12-31,15.400000000000002,1.0,1.5400000000000003,1.7999999999999998,0.0,1799.9999999999998,6000.0,0.0
IVV,2015-01-31,15.400000000000002,1.0,1.5400000000000003,1.7999999999999998,0.0,1799.9999999999998,6000.0,0.0
IVV,2015-02-28,15.400000000000002,1.0,1.5400000000000003,1.7999999999999998,0.0,1799.9999999999998,6000.0,0.0
IVV,2015-03-31,15.400000000000002,1.0,1.5400000000000003,1.7999999999999998,0.0,1799.9999999999998,6000.0,0.0
IVV,2015-04-30,15.400000000000002,1.0,1.5400000000000003,1.7999999999999998,0.0,1799.9999999999998,6000.0,0.0
IVV,2015-05-31,15.400000000000002,1.0,1.5400000000000003,1.7999999999999998,0.0,1799.9999999999998,6000.0,0.0
IVV,2015-06-30,15.400000000000002,1.0,1.5400000000000003,1.7999999999999998,0.0,1799.9999999999998,6000.0,0.0
IVV,2015-07-31,15.400000000000002,1.0,1.5400000000000003,1.7999999999999998,0.0,1799.9999999999998,6000.0,0.0
IVV,2015-08-31,15.400000000000002,1.0,1.5400000000000003,1.7999999999999998,0.0,1799.9999999999998,6000.0,0.0
IVV,2015-09-30,15.400000000000002,1.0,1.5400000000000003,1.7999999999999998,0.0,1799.9999999999998,6000.0,0.0
IVV,2015-10-31,15.400000000000002,1.0,1.5400000000000003,1.7999999999999998,0.0,1799.9999999999998,6000.0,0.0
IVV,2015-11-30,15.400000000000002,1.0,1.5400000000000003,1.7999999999999998,0.0,1799.9999999999998,6000.0,0.0
IVV,2015-12-31,15.400000000000002,1.0,1.5400000000000003,1.7999999999999998,0.0,1799.9999999999998,6000.0,0.0
IVV,2016-01-31,15.400000000000002,1.0,1.5400000000000003,1.7999999999999998,0.0,1799.9999999999998,6000.0,0.0
IVV,2016-02-29,15.400000000000002,1.0,1.5400000000000003,1.7999999999999998,0.0,1799.9999999999998,6000.0,0.0
IVV,2016-03-31,15.400000000000002,1.0,1.5400000000000003,1.7999999999999998,0.0,1799.9999999999998,6000.0,0.0
IVV,2016-04-30,15.400000000000002,1.0,1.5400000000000003,1.7999999999999998,0.0,1799.9999999999998,6000.0,0.0
IVV,2016-05-31,15.400000000000002,1.0,1.5400000000000003,1.7999999999999998,0.0,1799.9999999999998,6000.0,0.0
IVV,2016-06-30,15.400000000000002,1.0,1.5400000000000003,1.7999999999999998,0.0,1799.9999999999998,6000.0,0.0
IVV,2016-07-31,15.400000000000002,1.0,1.5400000000000003,1.7999999999999998,0.0,1799.9999999999998,6000.0,0.0
IVV,2016-08-31,15.400000000000002,1.0,1.5400000000000003,1.7999999999999998,0.0,1799.9999999999998,6000.0,0.0
IVV,2016-09-30,15.400000000000002,1.0,1.5400000000000003,1.7999999999999998,0.0,1799.9999999999998,6000.0,0.0
IVV,2016-10-31,15.400000000000002,1.0,1.5400000000000003,1.7999999999999998,0.0,1799.9999999999998,6000.0,0.0
IVV,2016-11-30,15.400000000000002,1.0,1.5400000000000003,1.7999999999999998,0.0,1799.9999999999998,6000.0,0.0
IVV,2016-12-31,15.400000000000002,1.0,1.5400000000000003,1.7999999999999998,0.0,1799.9999999999998,6000.0,0.0
IVV,2017-01-31,15.400000000000002,1.0,1.5400000000000003,1.7999999999999998,0.0,1799.9999999999998,6000.0,0.0
IVV,2017-02-28,15.400000000000002,1.0,1.5400000000000003,1.7999999999999998,0.0,1799.9999999999998,6000.0,0.0
IVV,2017-03-31,15.400000000000002,1.0,1.5400000000000003,1.7999999999999998,0.0,1799.9999999999998,6000.0,0.0
IVV,2017-04-30,15.400000000000002,1.0,1.5400000000000003,1.7999999999999998,0.0,1799.9999999999998,6000.0,0.0
IVV,2017-05-31,15.400000000000002,1.0,1.5400000000000003,1.7999999999999998,0.0,1799.9999999999998,6000.0,0.0
IVV,2017-06-30,15.400000000000002,1.0,1.5400000000000003,1.7999999999999998,0.0,1799.9999999999998,6000.0,0.0
IVV,2017-07-31,15.400000000000002,1.0,1.5400000000000003,1.7999999999999998,0.0,1799.9999999999998,6000.0,0.0
IVV,2017-08-31,15.400000000000002,1.0,1.5400000000000003,1.7999999999999998,0.0,1799.9999999999998,6000.0,0.0
IVV,2017-09-30,15.400000000000002,1.0,1.5400000000000003,1.7999999999999998,0.0,1799.9999999999998,6000.0,0.0
IVV,2017-10-31,15.400000000000002,1.0,1.5400000000000003,1.7999999999999998,0.0,1799.9999999999998,6000.0,0.0
IVV,2017-11-30,15.400000000000002,1.0,1.5400000000000003,1.7999999999999998,0.0,1799.9999999999998,6000.0,0.0
IVV,2017-12-31,15.400000000000002,1.0,1.5400000000000003,1.7999999999999998,0.0,1799.9999999999998,6000.0,0.0
IVV,2018-01-31,15.400000000000002,1.0,1.5400000000000003,1.7999999999999998,0.0,1799.9999999999998,6000.0,0.0
IVV,2018-02-28,15.400000000000002,1.0,1.5400000000000003,1.7999999999999998,0.0,1799.9999999999998,6000.0,0.0
IVV,2018-03-31,15.400000000000002,1.0,1.5400000000000003,1.7999999999999998,0.0,1799.9999999999998,6000.0,0.0
IVV,2018-04-30,15.400000000000002,1.0,1.5400000000000003,1.7999999999999998,0.0,1799.9999999999998,6000.0,0.0
IVV,2018-05-31,15.400000000000002,1.0,1.5400000000000003,1.7999999999999998,0.0,1799.9999999999998,6000.0,0.0
IVV,2018-06-30,15.400000000000002,1.0,1.5400000000000003,1.7999999999999998,0.0,1799.9999999999998,6000.0,0.0
IVV,2018-07-31,15.400000000000002,1.0,1.5400000000000003,1.7999999999999998,0.0,1799.9999999999998,6000.0,0.0
IVV,2018-08-31,15.400000000000002,1.0,1.5400000000000003,1.7999999999999998,0.0,1799.9999999999998,6000.0,0.0
IVV,2018-09-30,15.400000000000002,1.0,1.5400000000000003,1.7999999999999998,0.0,1799.9999999999998,6000.0,0.0
IVV,2018-10-31,15.400000000000002,1.0,1.5400000000000003,1.7999999999999998,0.0,1799.9999999999998,6000.0,0.0
IVV,2018-11-30,15.400000000000002,1.0,1.5400000000000003,1.7999999999999998,0.0,1799.9999999999998,6000.0,0.0
IVV,2018-12-31,15.400000000000002,1.0,1.5400000000000003,1.7999999999999998,0.0,1799.9999999999998,6000.0,0.0
IVV,2019-01-31,15.400000000000002,1.0,1.5400000000000003,1.7999999999999998,0.0,1799.9999999999998,6000.0,0.0
IVV,2019-02-28,15.400000000000002,1.0,1.5400000000000003,1.7999999999999998,0.0,1799.9999999999998,6000.0,0.0
IVV,2019-03-31,15.400000000000002,1.0,1.5400000000000003,1.7999999999999998,0.0,1799.9999999999998,6000.0,0.0
IVV,2019-04-30,15.400000000000002,1.0,1.5400000000000003,1.7999999999999998,0.0,1799.9999999999998,6000.0,0.0
IVV,2019-05-31,15.400000000000002,1.0,1.5400000000000003,1.7999999999999998,0.0,1799.9999999999998,6000.0,0.0
IVV,2019-06-30,15.400000000000002,1.0,1.5400000000000003,1.7999999999999998,0.0,1799.9999999999998,6000.0,0.0
IVV,2019-07-31,15.400000000000002,1.0,1.5400000000000003,1.7999999999999998,0.0,1799.9999999999998,6000.0,0.0
IVV,2019-08-31,15.400000000000002,1.0,1.5400000000000003,1.7999999999999998,0.0,1799.9999999999998,6000.0,0.0
IVV,2019-09-30,15.400000000000002,1.0,1.5400000000000003,1.7999999999999998,0.0,1799.9999999999998,6000.0,0.0
IVV,2019-10-31,15.400000000000002,1.0,1.5400000000000003,1.7999999999999998,0.0,1799.9999999999998,6000.0,0.0
IVV,2019-11-30,15.400000000000002,1.0,1.5400000000000003,1.7999999999999998,0.0,1799.9999999999998,6000.0,0.0
IVV,2019-12-31,15.400000000000002,1.0,1.5400000000000003,1.7999999999999998,0.0,1799.9999999999998,6000.0,0.0
IVV,2020-01-31,15.400000000000002,1.0,1.5400000000000003,1.7999999999999998,0.0,1799.9999999999998,6000.0,0.0
IVV,2020-02-29,15.400000000000002,1.0,1.5400000000000003,1.7999999999999998,0.0,1799.9999999999998,6000.0,0.0
IVV,2020-03-31,15.400000000000002,1.0,1.5400000000000003,1.7999999999999998,0.0,1799.9999999999998,6000.0,0.0
IVV,2020-04-30,15.400000000000002,1.0,1.5400000000000003,1.7999999999999998,0.0,1799.9999999999998,6000.0,0.0
IVV,2020-05-31,15.400000000000002,1.0,1.5400000000000003,1.7999999999999998,0.0,1799.9999999999998,6000.0,0.0
IVV,2020-06-30,15.400000000000002,1.0,1.5400000000000003,1.7999999999999998,0.0,1799.9999999999998,6000.0,0.0
IVV,2020-07-31,15.400000000000002,1.0,1.5400000000000003,1.7999999999999998,0.0,1799.9999999999998,6000.0,0.0
IVV,2020-08-31,15.400000000000002,1.0,1.5400000000000003,1.7999999999999998,0.0,1799.9999999999998,6000.0,0.0
IVV,2020-09-30,15.400000000000002,1.0,1.5400000000000003,1.7999999999999998,0.0,1799.9999999999998,6000.0,0.0
IVV,2020-10-31,15.400000000000002,1.0,1.5400000000000003,1.7999999999999998,0.0,1799.9999999999998,6000.0,0.0
IVV,2020-11-30,15.400000000000002,1.0,1.5400000000000003,1.7999999999999998,0.0,1799.9999999999998,6000.0,0.0
IVV,2020-12-31,15.400000000000002,1.0,1.5400000000000003,1.7999999999999998,0.0,1799.9999999999998,6000.0,0.0
IVV,2021-01-31,15.400000000000002,1.0,1.5400000000000003,1.7999999999999998,0.0,1799.9999999999998,6000.0,0.0
IVV,2021-02-28,15.400000000000002,1.0,1.5400000000000003,1.7999999999999998,0.0,1799.9999999999998,6000.0,0.0
IVV,2021-03-31,15.400000000000002,1.0,1.5400000000000003,1.7999999999999998,0.0,1799.9999999999998,6000.0,0.0
IVV,2021-04-30,15.400000000000002,1.0,1.5400000000000003,1.7999999999999998,0.0,1799.9999999999998,6000.0,0.0
IVV,2021-05-31,15.400000000000002,1.0,1.5400000000000003,1.7999999999999998,0.0,1799.9999999999998,6000.0,0.0
IVV,2021-06-30,15.400000000000002,1.0,1.5400000000000003,1.7999999999999998,0.0,1799.9999999999998,6000.0,0.0
IVV,2021-07-31,15.400000000000002,1.0,1.5400000000000003,1.7999999999999998,0.0,1799.9999999999998,6000.0,0.0
IVV,2021-08-31,15.400000000000002,1.0,1.5400000000000003,1.7999999999999998,0.0,1799.9999999999998,6000.0,0.0
IVV,2021-09-30,15.400000000000002,1.0,1.5400000000000003,1.7999999999999998,0.0,1799.9999999999998,6000.0,0.0
IVV,2021-10-31,15.400000000000002,1.0,1.5400000000000003,1.7999999999999998,0.0,1799.9999999999998,6000.0,0.0
IVV,2021-11-30,15.400000000000002,1.0,1.5400000000000003,1.7999999999999998,0.0,1799.9999999999998,6000.0,0.0
IVV,2021-12-31,15.400000000000002,1.0,1.5400000000000003,1.7999999999999998,0.0,1799.9999999999998,6000.0,0.0
IVV,2022-01-31,15.400000000000002,1.0,1.5400000000000003,1.7999999999999998,0.0,1799.9999999999998,6000.0,0.0
IVV,2022-02-28,15.400000000000002,1.0,1.5400000000000003,1.7999999999999998,0.0,1799.9999999999998,6000.0,0.0
IVV,2022-03-31,15.400000000000002,1.0,1.5400000000000003,1.7999999999999998,0.0,1799.9999999999998,6000.0,0.0
IVV,2022-04-30,15.400000000000002,1.0,1.5400000000000003,1.7999999999999998,0.0,1799.9999999999998,6000.0,0.0
IVV,2022-05-31,15.400000000000002,1.0,1.5400000000000003,1.7999999999999998,0.0,1799.9999999999998,6000.0,0.0
IVV,2022-06-30,15.400000000000002,1.0,1.5400000000000003,1.7999999999999998,0.0,1799.9999999999998,6000.0,0.0
IVV,2022-07-31,15.400000000000002,1.0,1.5400000000000003,1.7999999999999998,0.0,1799.9999999999998,6000.0,0.0
IVV,2022-08-31,15.400000000000002,1.0,1.5400000000000003,1.7999999999999998,0.0,1799.9999999999998,6000.0,0.0
IVV,2022-09-30,15.400000000000002,1.0,1.5400000000000003,1.7999999999999998,0.0,1799.9999999999998,6000.0,0.0
IVV,2022-10-31,15.400000000000002,1.0,1.5400000000000003,1.7999999999999998,0.0,1799.9999999999998,6000.0,0.0
IVV,2022-11-30,15.400000000000002,1.0,1.5400000000000003,1.7999999999999998,0.0,1799.9999999999998,6000.0,0.0
IVV,2022-12-31,15.400000000000002,1.0,1.5400000000000003,1.7999999999999998,0.0,1799.9999999999998,6000.0,0.0
IVV,2023-01-31,15.400000000000002,1.0,1.5400000000000003,1.7999999999999998,0.0,1799.9999999999998,6000.0,0.0
IVV,2023-02-28,15.400000000000002,1.0,1.5400000000000003,1.7999999999999998,0.0,1799.9999999999998,6000.0,0.0
IVV,2023-03-31,15.400000000000002,1.0,1.5400000000000003,1.7999999999999998,0.0,1799.9999999999998,6000.0,0.0
IVV,2023-04-30,15.400000000000002,1.0,1.5400000000000003,1.7999999999999998,0.0,1799.9999999999998,6000.0,0.0
IVV,2023-05-31,15.400000000000002,1.0,1.5400000000000003,1.7999999999999998,0.0,1799.9999999999998,6000.0,0.0
IVV,2023-06-30,15.400000000000002,1.0,1.5400000000000003,1.7999999999999998,0.0,1799.9999999999998,6000.0,0.0
IVV,2023-07-31,15.400000000000002,1.0,1.5400000000000003,1.7999999999999998,0.0,1799.9999999999998,6000.0,0.0
IVV,2023-08-31,15.400000000000002,1.0,1.5400000000000003,1.7999999999999998,0.0,1799.9999999999998,6000.0,0.0
IVV,2023-09-30,15.400000000000002,1.0,1.5400000000000003,1.7999999999999998,0.0,1799.9999999999998,6000.0,0.0
IVV,2023-10-31,15.400000000000002,1.0,1.5400000000000003,1.7999999999999998,0.0,1799.9999999999998,6000.0,0.0
IVV,2023-11-30,15.400000000000002,1.0,1.5400000000000003,1.7999999999999998,0.0,1799.9999999999998,6000.0,0.0
IVV,2023-12-31,15.400000000000002,1.0,1.5400000000000003,1.7999999999999998,0.0,1799.9999999999998,6000.0,0.0
IVV,2024-01-31,15.400000000000002,1.0,1.5400000000000003,1.7999999999999998,0.0,1799.9999999999998,6000.0,0.0
IVV,2024-02-29,15.400000000000002,1.0,1.5400000000000003,1.7999999999999998,0.0,1799.9999999999998,6000.0,0.0
IVV,2024-03-31,15.400000000000002,1.0,1.5400000000000003,1.7999999999999998,0.0,1799.9999999999998,6000.0,0.0
IVV,2024-04-30,15.400000000000002,1.0,1.5400000000000003,1.7999999999999998,0.0,1799.9999999999998,6000.0,0.0
IVV,2024-05-31,15.400000000000002,1.0,1.5400000000000003,1.7999999999999998,0.0,1799.9999999999998,6000.0,0.0
IVV,2024-06-30,15.400000000000002,1.0,1.5400000000000003,1.7999999999999998,0.0,1799.9999999999998,6000.0,0.0
IVV,2024-07-31,15.400000000000002,1.0,1.5400000000000003,1.7999999999999998,0.0,1799.9999999999998,6000.0,0.0
IVV,2024-08-31,15.400000000000002,1.0,1.5400000000000003,1.7999999999999998,0.0,1799.9999999999998,6000.0,0.0
IVV,2024-09-30,15.400000000000002,1.0,1.5400000000000003,1.7999999999999998,0.0,1799.9999999999998,6000.0,0.0
IVV,2024-10-31,15.400000000000002,1.0,1.5400000000000003,1.7999999999999998,0.0,1799.9999999999998,6000.0,0.0
IVV,2024-11-30,15.400000000000002,1.0,1.5400000000000003,1.7999999999999998,0.0,1799.9999999999998,6000.0,0.0
IVV,2024-12-31,15.400000000000002,1.0,1.5400000000000003,1.7999999999999998,0.0,1799.9999999999998,6000.0,0.0
IVV,2025-01-31,16.8,1.0,1.6800000000000002,2.4,33.33333333333335,2400.0,9000.0,50.0
IVV,2025-02-28,16.8,1.0,1.6800000000000002,2.4,0.0,2400.0,9000.0,0.0
IVV,2025-03-31,16.8,1.0,1.6800000000000002,2.4,0.0,2400.0,9000.0,0.0
IVV,2025-04-30,16.8,1.0,1.6800000000000002,2.4,0.0,2400.0,9000.0,0.0
IVV,2025-05-31,16.8,1.0,1.6800000000000002,2.4,0.0,2400.0,9000.0,0.0
IVV,2025-06-30,16.8,1.0,1.6800000000000002,2.4,0.0,2400.0,9000.0,0.0
IVV,2025-07-31,16.8,1.0,1.6800000000000002,2.4,0.0,2400.0,9000.0,0.0
IVV,2025-08-31,16.8,1.0,1.6800000000000002,2.4,0.0,2400.0,9000.0,0.0
IVV,2025-09-30,16.8,1.0,1.6800000000000002,2.4,0.0,2400.0,9000.0,0.0
IVV,2025-10-31,16.8,1.0,1.6800000000000002,2.4,0.0,2400.0,9000.0,0.0
IVV,2025-11-30,16.8,1.0,1.6800000000000002,2.4,0.0,2400.0,9000.0,0.0
IVV,2025-12-31,16.8,1.0,1.6800000000000002,2.4,0.0,2400.0,9000.0,0.0
IWD,2000-05-31,15.0,1.0,1.5,1.3,,1300.0,4000.0,
IWD,2000-06-30,15.0,1.0,1.5,1.3,0.0,1300.0,4000.0,0.0
IWD,2000-07-31,15.0,1.0,1.5,1.3,0.0,1300.0,4000.0,0.0
IWD,2000-08-31,15.0,1.0,1.5,1.3,0.0,1300.0,4000.0,0.0
IWD,2000-09-30,15.0,1.0,1.5,1.3,0.0,1300.0,4000.0,0.0
IWD,2000-10-31,15.0,1.0,1.5,1.3,0.0,1300.0,4000.0,0.0
IWD,2000-11-30,15.0,1.0,1.5,1.3,0.0,1300.0,4000.0,0.0
IWD,2000-12-31,15.0,1.0,1.5,1.3,0.0,1300.0,4000.0,0.0
IWD,2001-01-31,15.0,1.0,1.5,1.3,0.0,1300.0,4000.0,0.0
IWD,2001-02-28,15.0,1.0,1.5,1.3,0.0,1300.0,4000.0,0.0
IWD,2001-03-31,15.0,1.0,1.5,1.3,0.0,1300.0,4000.0,0.0
IWD,2001-04-30,15.0,1.0,1.5,1.3,0.0,1300.0,4000.0,0.0
IWD,2001-05-31,15.0,1.0,1.5,1.3,0.0,1300.0,4000.0,0.0
IWD,2001-06-30,15.0,1.0,1.5,1.3,0.0,1300.0,4000.0,0.0
IWD,2001-07-31,15.0,1.0,1.5,1.3,0.0,1300.0,4000.0,0.0
IWD,2001-08-31,15.0,1.0,1.5,1.3,0.0,1300.0,4000.0,0.0
IWD,2001-09-30,15.0,1.0,1.5,1.3,0.0,1300.0,4000.0,0.0
IWD,2001-10-31,15.0,1.0,1.5,1.3,0.0,1300.0,4000.0,0.0
IWD,2001-11-30,15.0,1.0,1.5,1.3,0.0,1300.0,4000.0,0.0
IWD,2001-12-31,15.0,1.0,1.5,1.3,0.0,1300.0,4000.0,0.0
IWD,2002-01-31,15.0,1.0,1.5,1.3,0.0,1300.0,4000.0,0.0
IWD,2002-02-28,15.0,1.0,1.5,1.3,0.0,1300.0,4000.0,0.0
IWD,2002-03-31,15.0,1.0,1.5,1.3,0.0,1300.0,4000.0,0.0
IWD,2002-04-30,15.0,1.0,1.5,1.3,0.0,1300.0,4000.0,0.0
IWD,2002-05-31,15.0,1.0,1.5,1.3,0.0,1300.0,4000.0,0.0
IWD,2002-06-30,15.0,1.0,1.5,1.3,0.0,1300.0,4000.0,0.0
IWD,2002-07-31,15.0,1.0,1.5,1.3,0.0,1300.0,4000.0,0.0
IWD,2002-08-31,15.0,1.0,1.5,1.3,0.0,1300.0,4000.0,0.0
IWD,2002-09-30,15.0,1.0,1.5,1.3,0.0,1300.0,4000.0,0.0
IWD,2002-10-31,15.0,1.0,1.5,1.3,0.0,1300.0,4000.0,0.0
IWD,2002-11-30,15.0,1.0,1.5,1.3,0.0,1300.0,4000.0,0.0
IWD,2002-12-31,15.0,1.0,1.5,1.3,0.0,1300.0,4000.0,0.0
IWD,2003-01-31,15.0,1.0,1.5,1.3,0.0,1300.0,4000.0,0.0
IWD,2003-02-28,15.0,1.0,1.5,1.3,0.0,1300.0,4000.0,0.0
IWD,2003-03-31,15.0,1.0,1.5,1.3,0.0,1300.0,4000.0,0.0
IWD,2003-04-30,15.0,1.0,1.5,1.3,0.0,1300.0,4000.0,0.0
IWD,2003-05-31,15.0,1.0,1.5,1.3,0.0,1300.0,4000.0,0.0
IWD,2003-06-30,15.0,1.0,1.5,1.3,0.0,1300.0,4000.0,0.0
IWD,2003-07-31,15.0,1.0,1.5,1.3,0.0,1300.0,4000.0,0.0
IWD,2003-08-31,15.0,1.0,1.5,1.3,0.0,1300.0,4000.0,0.0
IWD,2003-09-30,15.0,1.0,1.5,1.3,0.0,1300.0,4000.0,0.0
IWD,2003-10-31,15.0,1.0,1.5,1.3,0.0,1300.0,4000.0,0.0
IWD,2003-11-30,15.0,1.0,1.5,1.3,0.0,1300.0,4000.0,0.0
IWD,2003-12-31,15.0,1.0,1.5,1.3,0.0,1300.0,4000.0,0.0
IWD,2004-01-31,15.0,1.0,1.5,1.3,0.0,1300.0,4000.0,0.0
IWD,2004-02-29,15.0,1.0,1.5,1.3,0.0,1300.0,4000.0,0.0
IWD,2004-03-31,15.0,1.0,1.5,1.3,0.0,1300.0,4000.0,0.0
IWD,2004-04-30,15.0,1.0,1.5,1.3,0.0,1300.0,4000.0,0.0
IWD,2004-05-31,15.0,1.0,1.5,1.3,0.0,1300.0,4000.0,0.0
IWD,2004-06-30,15.0,1.0,1.5,1.3,0.0,1300.0,4000.0,0.0
IWD,2004-07-31,15.0,1.0,1.5,1.3,0.0,1300.0,4000.0,0.0
IWD,2004-08-31,15.0,1.0,1.5,1.3,0.0,1300.0,4000.0,0.0
IWD,2004-09-30,15.0,1.0,1.5,1.3,0.0,1300.0,4000.0,0.0
IWD,2004-10-31,15.0,1.0,1.5,1.3,0.0,1300.0,4000.0,0.0
IWD,2004-11-30,15.0,1.0,1.5,1.3,0.0,1300.0,4000.0,0.0
IWD,2004-12-31,15.0,1.0,1.5,1.3,0.0,1300.0,4000.0,0.0
IWD,2005-01-31,15.0,1.0,1.5,1.3,0.0,1300.0,4000.0,0.0
IWD,2005-02-28,15.0,1.0,1.5,1.3,0.0,1300.0,4000.0,0.0
IWD,2005-03-31,15.0,1.0,1.5,1.3,0.0,1300.0,4000.0,0.0
IWD,2005-04-30,15.0,1.0,1.5,1.3,0.0,1300.0,4000.0,0.0
IWD,2005-05-31,15.0,1.0,1.5,1.3,0.0,1300.0,4000.0,0.0
IWD,2005-06-30,15.0,1.0,1.5,1.3,0.0,1300.0,4000.0,0.0
IWD,2005-07-31,15.0,1.0,1.5,1.3,0.0,1300.0,4000.0,0.0
IWD,2005-08-31,15.0,1.0,1.5,1.3,0.0,1300.0,4000.0,0.0
IWD,2005-09-30,15.0,1.0,1.5,1.3,0.0,1300.0,4000.0,0.0
IWD,2005-10-31,15.0,1.0,1.5,1.3,0.0,1300.0,4000.0,0.0
IWD,2005-11-30,15.0,1.0,1.5,1.3,0.0,1300.0,4000.0,0.0
IWD,2005-12-31,15.0,1.0,1.5,1.3,0.0,1300.0,4000.0,0.0
IWD,2006-01-31,15.0,1.0,1.5,1.3,0.0,1300.0,4000.0,0.0
IWD,2006-02-28,15.0,1.0,1.5,1.3,0.0,1300.0,4000.0,0.0
IWD,2006-03-31,15.0,1.0,1.5,1.3,0.0,1300.0,4000.0,0.0
IWD,2006-04-30,15.0,1.0,1.5,1.3,0.0,1300.0,4000.0,0.0
IWD,2006-05-31,15.0,1.0,1.5,1.3,0.0,1300.0,4000.0,0.0
IWD,2006-06-30,15.0,1.0,1.5,1.3,0.0,1300.0,4000.0,0.0
IWD,2006-07-31,15.0,1.0,1.5,1.3,0.0,1300.0,4000.0,0.0
IWD,2006-08-31,15.0,1.0,1.5,1.3,0.0,1300.0,4000.0,0.0
IWD,2006-09-30,15.0,1.0,1.5,1.3,0.0,1300.0,4000.0,0.0
IWD,2006-10-31,15.0,1.0,1.5,1.3,0.0,1300.0,4000.0,0.0
IWD,2006-11-30,15.0,1.0,1.5,1.3,0.0,1300.0,4000.0,0.0
IWD,2006-12-31,15.0,1.0,1.5,1.3,0.0,1300.0,4000.0,0.0
IWD,2007-01-31,15.0,1.0,1.5,1.3,0.0,1300.0,4000.0,0.0
IWD,2007-02-28,15.0,1.0,1.5,1.3,0.0,1300.0,4000.0,0.0
IWD,2007-03-31,15.0,1.0,1.5,1.3,0.0,1300.0,4000.0,0.0
IWD,2007-04-30,15.0,1.0,1.5,1.3,0.0,1300.0,4000.0,0.0
IWD,2007-05-31,15.0,1.0,1.5,1.3,0.0,1300.0,4000.0,0.0
IWD,2007-06-30,15.0,1.0,1.5,1.3,0.0,1300.0,4000.0,0.0
IWD,2007-07-31,15.0,1.0,1.5,1.3,0.0,1300.0,4000.0,0.0
IWD,2007-08-31,15.0,1.0,1.5,1.3,0.0,1300.0,4000.0,0.0
IWD,2007-09-30,15.0,1.0,1.5,1.3,0.0,1300.0,4000.0,0.0
IWD,2007-10-31,15.0,1.0,1.5,1.3,0.0,1300.0,4000.0,0.0
IWD,2007-11-30,15.0,1.0,1.5,1.3,0.0,1300.0,4000.0,0.0
IWD,2007-12-31,15.0,1.0,1.5,1.3,0.0,1300.0,4000.0,0.0
IWD,2008-01-31,15.0,1.0,1.5,1.3,0.0,1300.0,4000.0,0.0
IWD,2008-02-29,15.0,1.0,1.5,1.3,0.0,1300.0,4000.0,0.0
IWD,2008-03-31,15.0,1.0,1.5,1.3,0.0,1300.0,4000.0,0.0
IWD,2008-04-30,15.0,1.0,1.5,1.3,0.0,1300.0,4000.0,0.0
IWD,2008-05-31,15.0,1.0,1.5,1.3,0.0,1300.0,4000.0,0.0
IWD,2008-06-30,15.0,1.0,1.5,1.3,0.0,1300.0,4000.0,0.0
IWD,2008-07-31,15.0,1.0,1.5,1.3,0.0,1300.0,4000.0,0.0
IWD,2008-08-31,15.0,1.0,1.5,1.3,0.0,1300.0,4000.0,0.0
IWD,2008-09-30,15.0,1.0,1.5,1.3,0.0,1300.0,4000.0,0.0
IWD,2008-10-31,15.0,1.0,1.5,1.3,0.0,1300.0,4000.0,0.0
IWD,2008-11-30,15.0,1.0,1.5,1.3,0.0,1300.0,4000.0,0.0
IWD,2008-12-31,15.0,1.0,1.5,1.3,0.0,1300.0,4000.0,0.0
IWD,2009-01-31,15.0,1.0,1.5,1.3,0.0,1300.0,4000.0,0.0
IWD,2009-02-28,15.0,1.0,1.5,1.3,0.0,1300.0,4000.0,0.0
IWD,2009-03-31,15.0,1.0,1.5,1.3,0.0,1300.0,4000.0,0.0
IWD,2009-04-30,15.0,1.0,1.5,1.3,0.0,1300.0,4000.0,0.0
IWD,2009-05-31,15.0,1.0,1.5,1.3,0.0,1300.0,4000.0,0.0
IWD,2009-06-30,15.0,1.0,1.5,1.3,0.0,1300.0,4000.0,0.0
IWD,2009-07-31,15.0,1.0,1.5,1.3,0.0,1300.0,4000.0,0.0
IWD,2009-08-31,15.0,1.0,1.5,1.3,0.0,1300.0,4000.0,0.0
IWD,2009-09-30,15.0,1.0,1.5,1.3,0.0,1300.0,4000.0,0.0
IWD,2009-10-31,15.0,1.0,1.5,1.3,0.0,1300.0,4000.0,0.0
IWD,2009-11-30,15.0,1.0,1.5,1.3,0.0,1300.0,4000.0,0.0
IWD,2009-12-31,15.0,1.0,1.5,1.3,0.0,1300.0,4000.0,0.0
IWD,2010-01-31,16.5,1.0,1.65,1.9500000000000002,50.0,1950.0000000000002,8000.0,100.0
IWD,2010-02-28,16.5,1.0,1.65,1.9500000000000002,0.0,1950.0000000000002,8000.0,0.0
IWD,2010-03-31,16.5,1.0,1.65,1.9500000000000002,0.0,1950.0000000000002,8000.0,0.0
IWD,2010-04-30,16.5,1.0,1.65,1.9500000000000002,0.0,1950.0000000000002,8000.0,0.0
IWD,2010-05-31,16.5,1.0,1.65,1.9500000000000002,0.0,1950.0000000000002,8000.0,0.0
IWD,2010-06-30,16.5,1.0,1.65,1.9500000000000002,0.0,1950.0000000000002,8000.0,0.0
IWD,2010-07-31,16.5,1.0,1.65,1.9500000000000002,0.0,1950.0000000000002,8000.0,0.0
IWD,2010-08-31,16.5,1.0,1.65,1.9500000000000002,0.0,1950.0000000000002,8000.0,0.0
IWD,2010-09-30,16.5,1.0,1.65,1.9500000000000002,0.0,1950.0000000000002,8000.0,0.0
IWD,2010-10-31,16.5,1.0,1.65,1.9500000000000002,0.0,1950.0000000000002,8000.0,0.0
IWD,2010-11-30,16.5,1.0,1.65,1.9500000000000002,0.0,1950.0000000000002,8000.0,0.0
IWD,2010-12-31,16.5,1.0,1.65,1.9500000000000002,0.0,1950.0000000000002,8000.0,0.0
IWD,2011-01-31,16.5,1.0,1.65,1.9500000000000002,0.0,1950.0000000000002,8000.0,0.0
IWD,2011-02-28,16.5,1.0,1.65,1.9500000000000002,0.0,1950.0000000000002,8000.0,0.0
IWD,2011-03-31,16.5,1.0,1.65,1.9500000000000002,0.0,1950.0000000000002,8000.0,0.0
IWD,2011-04-30,16.5,1.0,1.65,1.9500000000000002,0.0,1950.0000000000002,8000.0,0.0
IWD,2011-05-31,16.5,1.0,1.65,1.9500000000000002,0.0,1950.0000000000002,8000.0,0.0
IWD,2011-06-30,16.5,1.0,1.65,1.9500000000000002,0.0,1950.0000000000002,8000.0,0.0
IWD,2011-07-31,16.5,1.0,1.65,1.9500000000000002,0.0,1950.0000000000002,8000.0,0.0
IWD,2011-08-31,16.5,1.0,1.65,1.9500000000000002,0.0,1950.0000000000002,8000.0,0.0
IWD,2011-09-30,16.5,1.0,1.65,1.9500000000000002,0.0,1950.0000000000002,8000.0,0.0
IWD,2011-10-31,16.5,1.0,1.65,1.9500000000000002,0.0,1950.0000000000002,8000.0,0.0
IWD,2011-11-30,16.5,1.0,1.65,1.9500000000000002,0.0,1950.0000000000002,8000.0,0.0
IWD,2011-12-31,16.5,1.0,1.65,1.9500000000000002,0.0,1950.0000000000002,8000.0,0.0
IWD,2012-01-31,16.5,1.0,1.65,1.9500000000000002,0.0,1950.0000000000002,8000.0,0.0
IWD,2012-02-29,16.5,1.0,1.65,1.9500000000000002,0.0,1950.0000000000002,8000.0,0.0
IWD,2012-03-31,16.5,1.0,1.65,1.9500000000000002,0.0,1950.0000000000002,8000.0,0.0
IWD,2012-04-30,16.5,1.0,1.65,1.9500000000000002,0.0,1950.0000000000002,8000.0,0.0
IWD,2012-05-31,16.5,1.0,1.65,1.9500000000000002,0.0,1950.0000000000002,8000.0,0.0
IWD,2012-06-30,16.5,1.0,1.65,1.9500000000000002,0.0,1950.0000000000002,8000.0,0.0
IWD,2012-07-31,16.5,1.0,1.65,1.9500000000000002,0.0,1950.0000000000002,8000.0,0.0
IWD,2012-08-31,16.5,1.0,1.65,1.9500000000000002,0.0,1950.0000000000002,8000.0,0.0
IWD,2012-09-30,16.5,1.0,1.65,1.9500000000000002,0.0,1950.0000000000002,8000.0,0.0
IWD,2012-10-31,16.5,1.0,1.65,1.9500000000000002,0.0,1950.0000000000002,8000.0,0.0
IWD,2012-11-30,16.5,1.0,1.65,1.9500000000000002,0.0,1950.0000000000002,8000.0,0.0
IWD,2012-12-31,16.5,1.0,1.65,1.9500000000000002,0.0,1950.0000000000002,8000.0,0.0
IWD,2013-01-31,16.5,1.0,1.65,1.9500000000000002,0.0,1950.0000000000002,8000.0,0.0
IWD,2013-02-28,16.5,1.0,1.65,1.9500000000000002,0.0,1950.0000000000002,8000.0,0.0
IWD,2013-03-31,16.5,1.0,1.65,1.9500000000000002,0.0,1950.0000000000002,8000.0,0.0
IWD,2013-04-30,16.5,1.0,1.65,1.9500000000000002,0.0,1950.0000000000002,8000.0,0.0
IWD,2013-05-31,16.5,1.0,1.65,1.9500000000000002,0.0,1950.0000000000002,8000.0,0.0
IWD,2013-06-30,16.5,1.0,1.65,1.9500000000000002,0.0,1950.0000000000002,8000.0,0.0
IWD,2013-07-31,16.5,1.0,1.65,1.9500000000000002,0.0,1950.0000000000002,8000.0,0.0
IWD,2013-08-31,16.5,1.0,1.65,1.9500000000000002,0.0,1950.0000000000002,8000.0,0.0
IWD,2013-09-30,16.5,1.0,1.65,1.9500000000000002,0.0,1950.0000000000002,8000.0,0.0
IWD,2013-10-31,16.5,1.0,1.65,1.9500000000000002,0.0,1950.0000000000002,8000.0,0.0
IWD,2013-11-30,16.5,1.0,1.65,1.9500000000000002,0.0,1950.0000000000002,8000.0,0.0
IWD,2013-12-31,16.5,1.0,1.65,1.9500000000000002,0.0,1950.0000000000002,8000.0,0.0
IWD,2014-01-31,16.5,1.0,1.65,1.9500000000000002,0.0,1950.0000000000002,8000.0,0.0
IWD,2014-02-28,16.5,1.0,1.65,1.9500000000000002,0.0,1950.0000000000002,8000.0,0.0
IWD,2014-03-31,16.5,1.0,1.65,1.9500000000000002,0.0,1950.0000000000002,8000.0,0.0
IWD,2014-04-30,16.5,1.0,1.65,1.9500000000000002,0.0,1950.0000000000002,8000.0,0.0
IWD,2014-05-31,16.5,1.0,1.65,1.9500000000000002,0.0,1950.0000000000002,8000.0,0.0
IWD,2014-06-30,16.5,1.0,1.65,1.9500000000000002,0.0,1950.0000000000002,8000.0,0.0
IWD,2014-07-31,16.5,1.0,1.65,1.9500000000000002,0.0,1950.0000000000002,8000.0,0.0
IWD,2014-08-31,16.5,1.0,1.65,1.9500000000000002,0.0,1950.0000000000002,8000.0,0.0
IWD,2014-09-30,16.5,1.0,1.65,1.9500000000000002,0.0,1950.0000000000002,8000.0,0.0
IWD,2014-10-31,16.5,1.0,1.65,1.9500000000000002,0.0,1950.0000000000002,8000.0,0.0
IWD,2014-11-30,16.5,1.0,1.65,1.9500000000000002,0.0,1950.0000000000002,8000.0,0.0
IWD,2014-12-31,16.5,1.0,1.65,1.9500000000000002,0.0,1950.0000000000002,8000.0,0.0
IWD,2015-01-31,16.5,1.0,1.65,1.9500000000000002,0.0,1950.0000000000002,8000.0,0.0
IWD,2015-02-28,16.5,1.0,1.65,1.9500000000000002,0.0,1950.0000000000002,8000.0,0.0
IWD,2015-03-31,16.5,1.0,1.65,1.9500000000000002,0.0,1950.0000000000002,8000.0,0.0
IWD,2015-04-30,16.5,1.0,1.65,1.9500000000000002,0.0,1950.0000000000002,8000.0,0.0
IWD,2015-05-31,16.5,1.0,1.65,1.9500000000000002,0.0,1950.0000000000002,8000.0,0.0
IWD,2015-06-30,16.5,1.0,1.65,1.9500000000000002,0.0,1950.0000000000002,8000.0,0.0
IWD,2015-07-31,16.5,1.0,1.65,1.9500000000000002,0.0,1950.0000000000002,8000.0,0.0
IWD,2015-08-31,16.5,1.0,1.65,1.9500000000000002,0.0,1950.0000000000002,8000.0,0.0
IWD,2015-09-30,16.5,1.0,1.65,1.9500000000000002,0.0,1950.0000000000002,8000.0,0.0
IWD,2015-10-31,16.5,1.0,1.65,1.9500000000000002,0.0,1950.0000000000002,8000.0,0.0
IWD,2015-11-30,16.5,1.0,1.65,1.9500000000000002,0.0,1950.0000000000002,8000.0,0.0
IWD,2015-12-31,16.5,1.0,1.65,1.9500000000000002,0.0,1950.0000000000002,8000.0,0.0
IWD,2016-01-31,16.5,1.0,1.65,1.9500000000000002,0.0,1950.0000000000002,8000.0,0.0
IWD,2016-02-29,16.5,1.0,1.65,1.9500000000000002,0.0,1950.0000000000002,8000.0,0.0
IWD,2016-03-31,16.5,1.0,1.65,1.9500000000000002,0.0,1950.0000000000002,8000.0,0.0
IWD,2016-04-30,16.5,1.0,1.65,1.9500000000000002,0.0,1950.0000000000002,8000.0,0.0
IWD,2016-05-31,16.5,1.0,1.65,1.9500000000000002,0.0,1950.0000000000002,8000.0,0.0
IWD,2016-06-30,16.5,1.0,1.65,1.9500000000000002,0.0,1950.0000000000002,8000.0,0.0
IWD,2016-07-31,16.5,1.0,1.65,1.9500000000000002,0.0,1950.0000000000002,8000.0,0.0
IWD,2016-08-31,16.5,1.0,1.65,1.9500000000000002,0.0,1950.0000000000002,8000.0,0.0
IWD,2016-09-30,16.5,1.0,1.65,1.9500000000000002,0.0,1950.0000000000002,8000.0,0.0
IWD,2016-10-31,16.5,1.0,1.65,1.9500000000000002,0.0,1950.0000000000002,8000.0,0.0
IWD,2016-11-30,16.5,1.0,1.65,1.9500000000000002,0.0,1950.0000000000002,8000.0,0.0
IWD,2016-12-31,16.5,1.0,1.65,1.9500000000000002,0.0,1950.0000000000002,8000.0,0.0
IWD,2017-01-31,16.5,1.0,1.65,1.9500000000000002,0.0,1950.0000000000002,8000.0,0.0
IWD,2017-02-28,16.5,1.0,1.65,1.9500000000000002,0.0,1950.0000000000002,8000.0,0.0
IWD,2017-03-31,16.5,1.0,1.65,1.9500000000000002,0.0,1950.0000000000002,8000.0,0.0
IWD,2017-04-30,16.5,1.0,1.65,1.9500000000000002,0.0,1950.0000000000002,8000.0,0.0
IWD,2017-05-31,16.5,1.0,1.65,1.9500000000000002,0.0,1950.0000000000002,8000.0,0.0
IWD,2017-06-30,16.5,1.0,1.65,1.9500000000000002,0.0,1950.0000000000002,8000.0,0.0
IWD,2017-07-31,16.5,1.0,1.65,1.9500000000000002,0.0,1950.0000000000002,8000.0,0.0
IWD,2017-08-31,16.5,1.0,1.65,1.9500000000000002,0.0,1950.0000000000002,8000.0,0.0
IWD,2017-09-30,16.5,1.0,1.65,1.9500000000000002,0.0,1950.0000000000002,8000.0,0.0
IWD,2017-10-31,16.5,1.0,1.65,1.9500000000000002,0.0,1950.0000000000002,8000.0,0.0
IWD,2017-11-30,16.5,1.0,1.65,1.9500000000000002,0.0,1950.0000000000002,8000.0,0.0
IWD,2017-12-31,16.5,1.0,1.65,1.9500000000000002,0.0,1950.0000000000002,8000.0,0.0
IWD,2018-01-31,16.5,1.0,1.65,1.9500000000000002,0.0,1950.0000000000002,8000.0,0.0
IWD,2018-02-28,16.5,1.0,1.65,1.9500000000000002,0.0,1950.0000000000002,8000.0,0.0
IWD,2018-03-31,16.5,1.0,1.65,1.9500000000000002,0.0,1950.0000000000002,8000.0,0.0
IWD,2018-04-30,16.5,1.0,1.65,1.9500000000000002,0.0,1950.0000000000002,8000.0,0.0
IWD,2018-05-31,16.5,1.0,1.65,1.9500000000000002,0.0,1950.0000000000002,8000.0,0.0
IWD,2018-06-30,16.5,1.0,1.65,1.9500000000000002,0.0,1950.0000000000002,8000.0,0.0
IWD,2018-07-31,16.5,1.0,1.65,1.9500000000000002,0.0,1950.0000000000002,8000.0,0.0
IWD,2018-08-31,16.5,1.0,1.65,1.9500000000000002,0.0,1950.0000000000002,8000.0,0.0
IWD,2018-09-30,16.5,1.0,1.65,1.9500000000000002,0.0,1950.0000000000002,8000.0,0.0
IWD,2018-10-31,16.5,1.0,1.65,1.9500000000000002,0.0,1950.0000000000002,8000.0,0.0
IWD,2018-11-30,16.5,1.0,1.65,1.9500000000000002,0.0,1950.0000000000002,8000.0,0.0
IWD,2018-12-31,16.5,1.0,1.65,1.9500000000000002,0.0,1950.0000000000002,8000.0,0.0
IWD,2019-01-31,16.5,1.0,1.65,1.9500000000000002,0.0,1950.0000000000002,8000.0,0.0
IWD,2019-02-28,16.5,1.0,1.65,1.9500000000000002,0.0,1950.0000000000002,8000.0,0.0
IWD,2019-03-31,16.5,1.0,1.65,1.9500000000000002,0.0,1950.0000000000002,8000.0,0.0
IWD,2019-04-30,16.5,1.0,1.65,1.9500000000000002,0.0,1950.0000000000002,8000.0,0.0
IWD,2019-05-31,16.5,1.0,1.65,1.9500000000000002,0.0,1950.0000000000002,8000.0,0.0
IWD,2019-06-30,16.5,1.0,1.65,1.9500000000000002,0.0,1950.0000000000002,8000.0,0.0
IWD,2019-07-31,16.5,1.0,1.65,1.9500000000000002,0.0,1950.0000000000002,8000.0,0.0
IWD,2019-08-31,16.5,1.0,1.65,1.9500000000000002,0.0,1950.0000000000002,8000.0,0.0
IWD,2019-09-30,16.5,1.0,1.65,1.9500000000000002,0.0,1950.0000000000002,8000.0,0.0
IWD,2019-10-31,16.5,1.0,1.65,1.9500000000000002,0.0,1950.0000000000002,8000.0,0.0
IWD,2019-11-30,16.5,1.0,1.65,1.9500000000000002,0.0,1950.0000000000002,8000.0,0.0
IWD,2019-12-31,16.5,1.0,1.65,1.9500000000000002,0.0,1950.0000000000002,8000.0,0.0
IWD,2020-01-31,16.5,1.0,1.65,1.9500000000000002,0.0,1950.0000000000002,8000.0,0.0
IWD,2020-02-29,16.5,1.0,1.65,1.9500000000000002,0.0,1950.0000000000002,8000.0,0.0
IWD,2020-03-31,16.5,1.0,1.65,1.9500000000000002,0.0,1950.0000000000002,8000.0,0.0
IWD,2020-04-30,16.5,1.0,1.65,1.9500000000000002,0.0,1950.0000000000002,8000.0,0.0
IWD,2020-05-31,16.5,1.0,1.65,1.9500000000000002,0.0,1950.0000000000002,8000.0,0.0
IWD,2020-06-30,16.5,1.0,1.65,1.9500000000000002,0.0,1950.0000000000002,8000.0,0.0
IWD,2020-07-31,16.5,1.0,1.65,1.9500000000000002,0.0,1950.0000000000002,8000.0,0.0
IWD,2020-08-31,16.5,1.0,1.65,1.9500000000000002,0.0,1950.0000000000002,8000.0,0.0
IWD,2020-09-30,16.5,1.0,1.65,1.9500000000000002,0.0,1950.0000000000002,8000.0,0.0
IWD,2020-10-31,16.5,1.0,1.65,1.9500000000000002,0.0,1950.0000000000002,8000.0,0.0
IWD,2020-11-30,16.5,1.0,1.65,1.9500000000000002,0.0,1950.0000000000002,8000.0,0.0
IWD,2020-12-31,16.5,1.0,1.65,1.9500000000000002,0.0,1950.0000000000002,8000.0,0.0
IWD,2021-01-31,16.5,1.0,1.65,1.9500000000000002,0.0,1950.0000000000002,8000.0,0.0
IWD,2021-02-28,16.5,1.0,1.65,1.9500000000000002,0.0,1950.0000000000002,8000.0,0.0
IWD,2021-03-31,16.5,1.0,1.65,1.9500000000000002,0.0,1950.0000000000002,8000.0,0.0
IWD,2021-04-30,16.5,1.0,1.65,1.9500000000000002,0.0,1950.0000000000002,8000.0,0.0
IWD,2021-05-31,16.5,1.0,1.65,1.9500000000000002,0.0,1950.0000000000002,8000.0,0.0
IWD,2021-06-30,16.5,1.0,1.65,1.9500000000000002,0.0,1950.0000000000002,8000.0,0.0
IWD,2021-07-31,16.5,1.0,1.65,1.9500000000000002,0.0,1950.0000000000002,8000.0,0.0
IWD,2021-08-31,16.5,1.0,1.65,1.9500000000000002,0.0,1950.0000000000002,8000.0,0.0
IWD,2021-09-30,16.5,1.0,1.65,1.9500000000000002,0.0,1950.0000000000002,8000.0,0.0
IWD,2021-10-31,16.5,1.0,1.65,1.9500000000000002,0.0,1950.0000000000002,8000.0,0.0
IWD,2021-11-30,16.5,1.0,1.65,1.9500000000000002,0.0,1950.0000000000002,8000.0,0.0
IWD,2021-12-31,16.5,1.0,1.65,1.9500000000000002,0.0,1950.0000000000002,8000.0,0.0
IWD,2022-01-31,16.5,1.0,1.65,1.9500000000000002,0.0,1950.0000000000002,8000.0,0.0
IWD,2022-02-28,16.5,1.0,1.65,1.9500000000000002,0.0,1950.0000000000002,8000.0,0.0
IWD,2022-03-31,16.5,1.0,1.65,1.9500000000000002,0.0,1950.0000000000002,8000.0,0.0
IWD,2022-04-30,16.5,1.0,1.65,1.9500000000000002,0.0,1950.0000000000002,8000.0,0.0
IWD,2022-05-31,16.5,1.0,1.65,1.9500000000000002,0.0,1950.0000000000002,8000.0,0.0
IWD,2022-06-30,16.5,1.0,1.65,1.9500000000000002,0.0,1950.0000000000002,8000.0,0.0
IWD,2022-07-31,16.5,1.0,1.65,1.9500000000000002,0.0,1950.0000000000002,8000.0,0.0
IWD,2022-08-31,16.5,1.0,1.65,1.9500000000000002,0.0,1950.0000000000002,8000.0,0.0
IWD,2022-09-30,16.5,1.0,1.65,1.9500000000000002,0.0,1950.0000000000002,8000.0,0.0
IWD,2022-10-31,16.5,1.0,1.65,1.9500000000000002,0.0,1950.0000000000002,8000.0,0.0
IWD,2022-11-30,16.5,1.0,1.65,1.9500000000000002,0.0,1950.0000000000002,8000.0,0.0
IWD,2022-12-31,16.5,1.0,1.65,1.9500000000000002,0.0,1950.0000000000002,8000.0,0.0
IWD,2023-01-31,16.5,1.0,1.65,1.9500000000000002,0.0,1950.0000000000002,8000.0,0.0
IWD,2023-02-28,16.5,1.0,1.65,1.9500000000000002,0.0,1950.0000000000002,8000.0,0.0
IWD,2023-03-31,16.5,1.0,1.65,1.9500000000000002,0.0,1950.0000000000002,8000.0,0.0
IWD,2023-04-30,16.5,1.0,1.65,1.9500000000000002,0.0,1950.0000000000002,8000.0,0.0
IWD,2023-05-31,16.5,1.0,1.65,1.9500000000000002,0.0,1950.0000000000002,8000.0,0.0
IWD,2023-06-30,16.5,1.0,1.65,1.9500000000000002,0.0,1950.0000000000002,8000.0,0.0
IWD,2023-07-31,16.5,1.0,1.65,1.9500000000000002,0.0,1950.0000000000002,8000.0,0.0
IWD,2023-08-31,16.5,1.0,1.65,1.9500000000000002,0.0,1950.0000000000002,8000.0,0.0
IWD,2023-09-30,16.5,1.0,1.65,1.9500000000000002,0.0,1950.0000000000002,8000.0,0.0
IWD,2023-10-31,16.5,1.0,1.65,1.9500000000000002,0.0,1950.0000000000002,8000.0,0.0
IWD,2023-11-30,16.5,1.0,1.65,1.9500000000000002,0.0,1950.0000000000002,8000.0,0.0
IWD,2023-12-31,16.5,1.0,1.65,1.9500000000000002,0.0,1950.0000000000002,8000.0,0.0
IWD,2024-01-31,16.5,1.0,1.65,1.9500000000000002,0.0,1950.0000000000002,8000.0,0.0
IWD,2024-02-29,16.5,1.0,1.65,1.9500000000000002,0.0,1950.0000000000002,8000.0,0.0
IWD,2024-03-31,16.5,1.0,1.65,1.9500000000000002,0.0,1950.0000000000002,8000.0,0.0
IWD,2024-04-30,16.5,1.0,1.65,1.9500000000000002,0.0,1950.0000000000002,8000.0,0.0
IWD,2024-05-31,16.5,1.0,1.65,1.9500000000000002,0.0,1950.0000000000002,8000.0,0.0
IWD,2024-06-30,16.5,1.0,1.65,1.9500000000000002,0.0,1950.0000000000002,8000.0,0.0
IWD,2024-07-31,16.5,1.0,1.65,1.9500000000000002,0.0,1950.0000000000002,8000.0,0.0
IWD,2024-08-31,16.5,1.0,1.65,1.9500000000000002,0.0,1950.0000000000002,8000.0,0.0
IWD,2024-09-30,16.5,1.0,1.65,1.9500000000000002,0.0,1950.0000000000002,8000.0,0.0
IWD,2024-10-31,16.5,1.0,1.65,1.9500000000000002,0.0,1950.0000000000002,8000.0,0.0
IWD,2024-11-30,16.5,1.0,1.65,1.9500000000000002,0.0,1950.0000000000002,8000.0,0.0
IWD,2024-12-31,16.5,1.0,1.65,1.9500000000000002,0.0,1950.0000000000002,8000.0,0.0
IWD,2025-01-31,18.0,1.0,1.8,2.6,33.33333333333333,2600.0,12000.0,50.0
IWD,2025-02-28,18.0,1.0,1.8,2.6,0.0,2600.0,12000.0,0.0
IWD,2025-03-31,18.0,1.0,1.8,2.6,0.0,2600.0,12000.0,0.0
IWD,2025-04-30,18.0,1.0,1.8,2.6,0.0,2600.0,12000.0,0.0
IWD,2025-05-31,18.0,1.0,1.8,2.6,0.0,2600.0,12000.0,0.0
IWD,2025-06-30,18.0,1.0,1.8,2.6,0.0,2600.0,12000.0,0.0
IWD,2025-07-31,18.0,1.0,1.8,2.6,0.0,2600.0,12000.0,0.0
IWD,2025-08-31,18.0,1.0,1.8,2.6,0.0,2600.0,12000.0,0.0
IWD,2025-09-30,18.0,1.0,1.8,2.6,0.0,2600.0,12000.0,0.0
IWD,2025-10-31,18.0,1.0,1.8,2.6,0.0,2600.0,12000.0,0.0
IWD,2025-11-30,18.0,1.0,1.8,2.6,0.0,2600.0,12000.0,0.0
IWD,2025-12-31,18.0,1.0,1.8,2.6,0.0,2600.0,12000.0,0.0
JPM,1980-03-31,14.4,1.0,1.44,0.84,,840.0,2500.0,
JPM,1980-04-30,14.4,1.0,1.44,0.84,0.0,840.0,2500.0,0.0
JPM,1980-05-31,14.4,1.0,1.44,0.84,0.0,840.0,2500.0,0.0
JPM,1980-06-30,14.4,1.0,1.44,0.84,0.0,840.0,2500.0,0.0
JPM,1980-07-31,14.4,1.0,1.44,0.84,0.0,840.0,2500.0,0.0
JPM,1980-08-31,14.4,1.0,1.44,0.84,0.0,840.0,2500.0,0.0
JPM,1980-09-30,14.4,1.0,1.44,0.84,0.0,840.0,2500.0,0.0
JPM,1980-10-31,14.4,1.0,1.44,0.84,0.0,840.0,2500.0,0.0
JPM,1980-11-30,14.4,1.0,1.44,0.84,0.0,840.0,2500.0,0.0
JPM,1980-12-31,14.4,1.0,1.44,0.84,0.0,840.0,2500.0,0.0
JPM,1981-01-31,14.4,1.0,1.44,0.84,0.0,840.0,2500.0,0.0
JPM,1981-02-28,14.4,1.0,1.44,0.84,0.0,840.0,2500.0,0.0
JPM,1981-03-31,14.4,1.0,1.44,0.84,0.0,840.0,2500.0,0.0
JPM,1981-04-30,14.4,1.0,1.44,0.84,0.0,840.0,2500.0,0.0
JPM,1981-05-31,14.4,1.0,1.44,0.84,0.0,840.0,2500.0,0.0
JPM,1981-06-30,14.4,1.0,1.44,0.84,0.0,840.0,2500.0,0.0
JPM,1981-07-31,14.4,1.0,1.44,0.84,0.0,840.0,2500.0,0.0
JPM,1981-08-31,14.4,1.0,1.44,0.84,0.0,840.0,2500.0,0.0
JPM,1981-09-30,14.4,1.0,1.44,0.84,0.0,840.0,2500.0,0.0
JPM,1981-10-31,14.4,1.0,1.44,0.84,0.0,840.0,2500.0,0.0
JPM,1981-11-30,14.4,1.0,1.44,0.84,0.0,840.0,2500.0,0.0
JPM,1981-12-31,14.4,1.0,1.44,0.84,0.0,840.0,2500.0,0.0
JPM,1982-01-31,14.4,1.0,1.44,0.84,0.0,840.0,2500.0,0.0
JPM,1982-02-28,14.4,1.0,1.44,0.84,0.0,840.0,2500.0,0.0
JPM,1982-03-31,14.4,1.0,1.44,0.84,0.0,840.0,2500.0,0.0
JPM,1982-04-30,14.4,1.0,1.44,0.84,0.0,840.0,2500.0,0.0
JPM,1982-05-31,14.4,1.0,1.44,0.84,0.0,840.0,2500.0,0.0
JPM,1982-06-30,14.4,1.0,1.44,0.84,0.0,840.0,2500.0,0.0
JPM,1982-07-31,14.4,1.0,1.44,0.84,0.0,840.0,2500.0,0.0
JPM,1982-08-31,14.4,1.0,1.44,0.84,0.0,840.0,2500.0,0.0
JPM,1982-09-30,14.4,1.0,1.44,0.84,0.0,840.0,2500.0,0.0
JPM,1982-10-31,14.4,1.0,1.44,0.84,0.0,840.0,2500.0,0.0
JPM,1982-11-30,14.4,1.0,1.44,0.84,0.0,840.0,2500.0,0.0
JPM,1982-12-31,14.4,1.0,1.44,0.84,0.0,840.0,2500.0,0.0
JPM,1983-01-31,14.4,1.0,1.44,0.84,0.0,840.0,2500.0,0.0
JPM,1983-02-28,14.4,1.0,1.44,0.84,0.0,840.0,2500.0,0.0
JPM,1983-03-31,14.4,1.0,1.44,0.84,0.0,840.0,2500.0,0.0
JPM,1983-04-30,14.4,1.0,1.44,0.84,0.0,840.0,2500.0,0.0
JPM,1983-05-31,14.4,1.0,1.44,0.84,0.0,840.0,2500.0,0.0
JPM,1983-06-30,14.4,1.0,1.44,0.84,0.0,840.0,2500.0,0.0
JPM,1983-07-31,14.4,1.0,1.44,0.84,0.0,840.0,2500.0,0.0
JPM,1983-08-31,14.4,1.0,1.44,0.84,0.0,840.0,2500.0,0.0
JPM,1983-09-30,14.4,1.0,1.44,0.84,0.0,840.0,2500.0,0.0
JPM,1983-10-31,14.4,1.0,1.44,0.84,0.0,840.0,2500.0,0.0
JPM,1983-11-30,14.4,1.0,1.44,0.84,0.0,840.0,2500.0,0.0
JPM,1983-12-31,14.4,1.0,1.44,0.84,0.0,840.0,2500.0,0.0
JPM,1984-01-31,14.4,1.0,1.44,0.84,0.0,840.0,2500.0,0.0
JPM,1984-02-29,14.4,1.0,1.44,0.84,0.0,840.0,2500.0,0.0
JPM,1984-03-31,14.4,1.0,1.44,0.84,0.0,840.0,2500.0,0.0
JPM,1984-04-30,14.4,1.0,1.44,0.84,0.0,840.0,2500.0,0.0
JPM,1984-05-31,14.4,1.0,1.44,0.84,0.0,840.0,2500.0,0.0
JPM,1984-06-30,14.4,1.0,1.44,0.84,0.0,840.0,2500.0,0.0
JPM,1984-07-31,14.4,1.0,1.44,0.84,0.0,840.0,2500.0,0.0
JPM,1984-08-31,14.4,1.0,1.44,0.84,0.0,840.0,2500.0,0.0
JPM,1984-09-30,14.4,1.0,1.44,0.84,0.0,840.0,2500.0,0.0
JPM,1984-10-31,14.4,1.0,1.44,0.84,0.0,840.0,2500.0,0.0
JPM,1984-11-30,14.4,1.0,1.44,0.84,0.0,840.0,2500.0,0.0
JPM,1984-12-31,14.4,1.0,1.44,0.84,0.0,840.0,2500.0,0.0
JPM,1985-01-31,14.4,1.0,1.44,0.84,0.0,840.0,2500.0,0.0
JPM,1985-02-28,14.4,1.0,1.44,0.84,0.0,840.0,2500.0,0.0
JPM,1985-03-31,14.4,1.0,1.44,0.84,0.0,840.0,2500.0,0.0
JPM,1985-04-30,14.4,1.0,1.44,0.84,0.0,840.0,2500.0,0.0
JPM,1985-05-31,14.4,1.0,1.44,0.84,0.0,840.0,2500.0,0.0
JPM,1985-06-30,14.4,1.0,1.44,0.84,0.0,840.0,2500.0,0.0
JPM,1985-07-31,14.4,1.0,1.44,0.84,0.0,840.0,2500.0,0.0
JPM,1985-08-31,14.4,1.0,1.44,0.84,0.0,840.0,2500.0,0.0
JPM,1985-09-30,14.4,1.0,1.44,0.84,0.0,840.0,2500.0,0.0
JPM,1985-10-31,14.4,1.0,1.44,0.84,0.0,840.0,2500.0,0.0
JPM,1985-11-30,14.4,1.0,1.44,0.84,0.0,840.0,2500.0,0.0
JPM,1985-12-31,14.4,1.0,1.44,0.84,0.0,840.0,2500.0,0.0
JPM,1986-01-31,14.4,1.0,1.44,0.84,0.0,840.0,2500.0,0.0
JPM,1986-02-28,14.4,1.0,1.44,0.84,0.0,840.0,2500.0,0.0
JPM,1986-03-31,14.4,1.0,1.44,0.84,0.0,840.0,2500.0,0.0
JPM,1986-04-30,14.4,1.0,1.44,0.84,0.0,840.0,2500.0,0.0
JPM,1986-05-31,14.4,1.0,1.44,0.84,0.0,840.0,2500.0,0.0
JPM,1986-06-30,14.4,1.0,1.44,0.84,0.0,840.0,2500.0,0.0
JPM,1986-07-31,14.4,1.0,1.44,0.84,0.0,840.0,2500.0,0.0
JPM,1986-08-31,14.4,1.0,1.44,0.84,0.0,840.0,2500.0,0.0
JPM,1986-09-30,14.4,1.0,1.44,0.84,0.0,840.0,2500.0,0.0
JPM,1986-10-31,14.4,1.0,1.44,0.84,0.0,840.0,2500.0,0.0
JPM,1986-11-30,14.4,1.0,1.44,0.84,0.0,840.0,2500.0,0.0
JPM,1986-12-31,14.4,1.0,1.44,0.84,0.0,840.0,2500.0,0.0
JPM,1987-01-31,14.4,1.0,1.44,0.84,0.0,840.0,2500.0,0.0
JPM,1987-02-28,14.4,1.0,1.44,0.84,0.0,840.0,2500.0,0.0
JPM,1987-03-31,14.4,1.0,1.44,0.84,0.0,840.0,2500.0,0.0
JPM,1987-04-30,14.4,1.0,1.44,0.84,0.0,840.0,2500.0,0.0
JPM,1987-05-31,14.4,1.0,1.44,0.84,0.0,840.0,2500.0,0.0
JPM,1987-06-30,14.4,1.0,1.44,0.84,0.0,840.0,2500.0,0.0
JPM,1987-07-31,14.4,1.0,1.44,0.84,0.0,840.0,2500.0,0.0
JPM,1987-08-31,14.4,1.0,1.44,0.84,0.0,840.0,2500.0,0.0
JPM,1987-09-30,14.4,1.0,1.44,0.84,0.0,840.0,2500.0,0.0
JPM,1987-10-31,14.4,1.0,1.44,0.84,0.0,840.0,2500.0,0.0
JPM,1987-11-30,14.4,1.0,1.44,0.84,0.0,840.0,2500.0,0.0
JPM,1987-12-31,14.4,1.0,1.44,0.84,0.0,840.0,2500.0,0.0
JPM,1988-01-31,14.4,1.0,1.44,0.84,0.0,840.0,2500.0,0.0
JPM,1988-02-29,14.4,1.0,1.44,0.84,0.0,840.0,2500.0,0.0
JPM,1988-03-31,14.4,1.0,1.44,0.84,0.0,840.0,2500.0,0.0
JPM,1988-04-30,14.4,1.0,1.44,0.84,0.0,840.0,2500.0,0.0
JPM,1988-05-31,14.4,1.0,1.44,0.84,0.0,840.0,2500.0,0.0
JPM,1988-06-30,14.4,1.0,1.44,0.84,0.0,840.0,2500.0,0.0
JPM,1988-07-31,14.4,1.0,1.44,0.84,0.0,840.0,2500.0,0.0
JPM,1988-08-31,14.4,1.0,1.44,0.84,0.0,840.0,2500.0,0.0
JPM,1988-09-30,14.4,1.0,1.44,0.84,0.0,840.0,2500.0,0.0
JPM,1988-10-31,14.4,1.0,1.44,0.84,0.0,840.0,2500.0,0.0
JPM,1988-11-30,14.4,1.0,1.44,0.84,0.0,840.0,2500.0,0.0
JPM,1988-12-31,14.4,1.0,1.44,0.84,0.0,840.0,2500.0,0.0
JPM,1989-01-31,14.4,1.0,1.44,0.84,0.0,840.0,2500.0,0.0
JPM,1989-02-28,14.4,1.0,1.44,0.84,0.0,840.0,2500.0,0.0
JPM,1989-03-31,14.4,1.0,1.44,0.84,0.0,840.0,2500.0,0.0
JPM,1989-04-30,14.4,1.0,1.44,0.84,0.0,840.0,2500.0,0.0
JPM,1989-05-31,14.4,1.0,1.44,0.84,0.0,840.0,2500.0,0.0
JPM,1989-06-30,14.4,1.0,1.44,0.84,0.0,840.0,2500.0,0.0
JPM,1989-07-31,14.4,1.0,1.44,0.84,0.0,840.0,2500.0,0.0
JPM,1989-08-31,14.4,1.0,1.44,0.84,0.0,840.0,2500.0,0.0
JPM,1989-09-30,14.4,1.0,1.44,0.84,0.0,840.0,2500.0,0.0
JPM,1989-10-31,14.4,1.0,1.44,0.84,0.0,840.0,2500.0,0.0
JPM,1989-11-30,14.4,1.0,1.44,0.84,0.0,840.0,2500.0,0.0
JPM,1989-12-31,14.4,1.0,1.44,0.84,0.0,840.0,2500.0,0.0
JPM,1990-01-31,16.0,1.0,1.6,1.4,66.66666666666666,1400.0,5000.0,100.0
JPM,1990-02-28,16.0,1.0,1.6,1.4,0.0,1400.0,5000.0,0.0
JPM,1990-03-31,16.0,1.0,1.6,1.4,0.0,1400.0,5000.0,0.0
JPM,1990-04-30,16.0,1.0,1.6,1.4,0.0,1400.0,5000.0,0.0
JPM,1990-05-31,16.0,1.0,1.6,1.4,0.0,1400.0,5000.0,0.0
JPM,1990-06-30,16.0,1.0,1.6,1.4,0.0,1400.0,5000.0,0.0
JPM,1990-07-31,16.0,1.0,1.6,1.4,0.0,1400.0,5000.0,0.0
JPM,1990-08-31,16.0,1.0,1.6,1.4,0.0,1400.0,5000.0,0.0
JPM,1990-09-30,16.0,1.0,1.6,1.4,0.0,1400.0,5000.0,0.0
JPM,1990-10-31,16.0,1.0,1.6,1.4,0.0,1400.0,5000.0,0.0
JPM,1990-11-30,16.0,1.0,1.6,1.4,0.0,1400.0,5000.0,0.0
JPM,1990-12-31,16.0,1.0,1.6,1.4,0.0,1400.0,5000.0,0.0
JPM,1991-01-31,16.0,1.0,1.6,1.4,0.0,1400.0,5000.0,0.0
JPM,1991-02-28,16.0,1.0,1.6,1.4,0.0,1400.0,5000.0,0.0
JPM,1991-03-31,16.0,1.0,1.6,1.4,0.0,1400.0,5000.0,0.0
JPM,1991-04-30,16.0,1.0,1.6,1.4,0.0,1400.0,5000.0,0.0
JPM,1991-05-31,16.0,1.0,1.6,1.4,0.0,1400.0,5000.0,0.0
JPM,1991-06-30,16.0,1.0,1.6,1.4,0.0,1400.0,5000.0,0.0
JPM,1991-07-31,16.0,1.0,1.6,1.4,0.0,1400.0,5000.0,0.0
JPM,1991-08-31,16.0,1.0,1.6,1.4,0.0,1400.0,5000.0,0.0
JPM,1991-09-30,16.0,1.0,1.6,1.4,0.0,1400.0,5000.0,0.0
JPM,1991-10-31,16.0,1.0,1.6,1.4,0.0,1400.0,5000.0,0.0
JPM,1991-11-30,16.0,1.0,1.6,1.4,0.0,1400.0,5000.0,0.0
JPM,1991-12-31,16.0,1.0,1.6,1.4,0.0,1400.0,5000.0,0.0
JPM,1992-01-31,16.0,1.0,1.6,1.4,0.0,1400.0,5000.0,0.0
JPM,1992-02-29,16.0,1.0,1.6,1.4,0.0,1400.0,5000.0,0.0
JPM,1992-03-31,16.0,1.0,1.6,1.4,0.0,1400.0,5000.0,0.0
JPM,1992-04-30,16.0,1.0,1.6,1.4,0.0,1400.0,5000.0,0.0
JPM,1992-05-31,16.0,1.0,1.6,1.4,0.0,1400.0,5000.0,0.0
JPM,1992-06-30,16.0,1.0,1.6,1.4,0.0,1400.0,5000.0,0.0
JPM,1992-07-31,16.0,1.0,1.6,1.4,0.0,1400.0,5000.0,0.0
JPM,1992-08-31,16.0,1.0,1.6,1.4,0.0,1400.0,5000.0,0.0
JPM,1992-09-30,16.0,1.0,1.6,1.4,0.0,1400.0,5000.0,0.0
JPM,1992-10-31,16.0,1.0,1.6,1.4,0.0,1400.0,5000.0,0.0
JPM,1992-11-30,16.0,1.0,1.6,1.4,0.0,1400.0,5000.0,0.0
JPM,1992-12-31,16.0,1.0,1.6,1.4,0.0,1400.0,5000.0,0.0
JPM,1993-01-31,16.0,1.0,1.6,1.4,0.0,1400.0,5000.0,0.0
JPM,1993-02-28,16.0,1.0,1.6,1.4,0.0,1400.0,5000.0,0.0
JPM,1993-03-31,16.0,1.0,1.6,1.4,0.0,1400.0,5000.0,0.0
JPM,1993-04-30,16.0,1.0,1.6,1.4,0.0,1400.0,5000.0,0.0
JPM,1993-05-31,16.0,1.0,1.6,1.4,0.0,1400.0,5000.0,0.0
JPM,1993-06-30,16.0,1.0,1.6,1.4,0.0,1400.0,5000.0,0.0
JPM,1993-07-31,16.0,1.0,1.6,1.4,0.0,1400.0,5000.0,0.0
JPM,1993-08-31,16.0,1.0,1.6,1.4,0.0,1400.0,5000.0,0.0
JPM,1993-09-30,16.0,1.0,1.6,1.4,0.0,1400.0,5000.0,0.0
JPM,1993-10-31,16.0,1.0,1.6,1.4,0.0,1400.0,5000.0,0.0
JPM,1993-11-30,16.0,1.0,1.6,1.4,0.0,1400.0,5000.0,0.0
JPM,1993-12-31,16.0,1.0,1.6,1.4,0.0,1400.0,5000.0,0.0
JPM,1994-01-31,16.0,1.0,1.6,1.4,0.0,1400.0,5000.0,0.0
JPM,1994-02-28,16.0,1.0,1.6,1.4,0.0,1400.0,5000.0,0.0
JPM,1994-03-31,16.0,1.0,1.6,1.4,0.0,1400.0,5000.0,0.0
JPM,1994-04-30,16.0,1.0,1.6,1.4,0.0,1400.0,5000.0,0.0
JPM,1994-05-31,16.0,1.0,1.6,1.4,0.0,1400.0,5000.0,0.0
JPM,1994-06-30,16.0,1.0,1.6,1.4,0.0,1400.0,5000.0,0.0
JPM,1994-07-31,16.0,1.0,1.6,1.4,0.0,1400.0,5000.0,0.0
JPM,1994-08-31,16.0,1.0,1.6,1.4,0.0,1400.0,5000.0,0.0
JPM,1994-09-30,16.0,1.0,1.6,1.4,0.0,1400.0,5000.0,0.0
JPM,1994-10-31,16.0,1.0,1.6,1.4,0.0,1400.0,5000.0,0.0
JPM,1994-11-30,16.0,1.0,1.6,1.4,0.0,1400.0,5000.0,0.0
JPM,1994-12-31,16.0,1.0,1.6,1.4,0.0,1400.0,5000.0,0.0
JPM,1995-01-31,16.0,1.0,1.6,1.4,0.0,1400.0,5000.0,0.0
JPM,1995-02-28,16.0,1.0,1.6,1.4,0.0,1400.0,5000.0,0.0
JPM,1995-03-31,16.0,1.0,1.6,1.4,0.0,1400.0,5000.0,0.0
JPM,1995-04-30,16.0,1.0,1.6,1.4,0.0,1400.0,5000.0,0.0
JPM,1995-05-31,16.0,1.0,1.6,1.4,0.0,1400.0,5000.0,0.0
JPM,1995-06-30,16.0,1.0,1.6,1.4,0.0,1400.0,5000.0,0.0
JPM,1995-07-31,16.0,1.0,1.6,1.4,0.0,1400.0,5000.0,0.0
JPM,1995-08-31,16.0,1.0,1.6,1.4,0.0,1400.0,5000.0,0.0
JPM,1995-09-30,16.0,1.0,1.6,1.4,0.0,1400.0,5000.0,0.0
JPM,1995-10-31,16.0,1.0,1.6,1.4,0.0,1400.0,5000.0,0.0
JPM,1995-11-30,16.0,1.0,1.6,1.4,0.0,1400.0,5000.0,0.0
JPM,1995-12-31,16.0,1.0,1.6,1.4,0.0,1400.0,5000.0,0.0
JPM,1996-01-31,16.0,1.0,1.6,1.4,0.0,1400.0,5000.0,0.0
JPM,1996-02-29,16.0,1.0,1.6,1.4,0.0,1400.0,5000.0,0.0
JPM,1996-03-31,16.0,1.0,1.6,1.4,0.0,1400.0,5000.0,0.0
JPM,1996-04-30,16.0,1.0,1.6,1.4,0.0,1400.0,5000.0,0.0
JPM,1996-05-31,16.0,1.0,1.6,1.4,0.0,1400.0,5000.0,0.0
JPM,1996-06-30,16.0,1.0,1.6,1.4,0.0,1400.0,5000.0,0.0
JPM,1996-07-31,16.0,1.0,1.6,1.4,0.0,1400.0,5000.0,0.0
JPM,1996-08-31,16.0,1.0,1.6,1.4,0.0,1400.0,5000.0,0.0
JPM,1996-09-30,16.0,1.0,1.6,1.4,0.0,1400.0,5000.0,0.0
JPM,1996-10-31,16.0,1.0,1.6,1.4,0.0,1400.0,5000.0,0.0
JPM,1996-11-30,16.0,1.0,1.6,1.4,0.0,1400.0,5000.0,0.0
JPM,1996-12-31,16.0,1.0,1.6,1.4,0.0,1400.0,5000.0,0.0
JPM,1997-01-31,16.0,1.0,1.6,1.4,0.0,1400.0,5000.0,0.0
JPM,1997-02-28,16.0,1.0,1.6,1.4,0.0,1400.0,5000.0,0.0
JPM,1997-03-31,16.0,1.0,1.6,1.4,0.0,1400.0,5000.0,0.0
JPM,1997-04-30,16.0,1.0,1.6,1.4,0.0,1400.0,5000.0,0.0
JPM,1997-05-31,16.0,1.0,1.6,1.4,0.0,1400.0,5000.0,0.0
JPM,1997-06-30,16.0,1.0,1.6,1.4,0.0,1400.0,5000.0,0.0
JPM,1997-07-31,16.0,1.0,1.6,1.4,0.0,1400.0,5000.0,0.0
JPM,1997-08-31,16.0,1.0,1.6,1.4,0.0,1400.0,5000.0,0.0
JPM,1997-09-30,16.0,1.0,1.6,1.4,0.0,1400.0,5000.0,0.0
JPM,1997-10-31,16.0,1.0,1.6,1.4,0.0,1400.0,5000.0,0.0
JPM,1997-11-30,16.0,1.0,1.6,1.4,0.0,1400.0,5000.0,0.0
JPM,1997-12-31,16.0,1.0,1.6,1.4,0.0,1400.0,5000.0,0.0
JPM,1998-01-31,16.0,1.0,1.6,1.4,0.0,1400.0,5000.0,0.0
JPM,1998-02-28,16.0,1.0,1.6,1.4,0.0,1400.0,5000.0,0.0
JPM,1998-03-31,16.0,1.0,1.6,1.4,0.0,1400.0,5000.0,0.0
JPM,1998-04-30,16.0,1.0,1.6,1.4,0.0,1400.0,5000.0,0.0
JPM,1998-05-31,16.0,1.0,1.6,1.4,0.0,1400.0,5000.0,0.0
JPM,1998-06-30,16.0,1.0,1.6,1.4,0.0,1400.0,5000.0,0.0
JPM,1998-07-31,16.0,1.0,1.6,1.4,0.0,1400.0,5000.0,0.0
JPM,1998-08-31,16.0,1.0,1.6,1.4,0.0,1400.0,5000.0,0.0
JPM,1998-09-30,16.0,1.0,1.6,1.4,0.0,1400.0,5000.0,0.0
JPM,1998-10-31,16.0,1.0,1.6,1.4,0.0,1400.0,5000.0,0.0
JPM,1998-11-30,16.0,1.0,1.6,1.4,0.0,1400.0,5000.0,0.0
JPM,1998-12-31,16.0,1.0,1.6,1.4,0.0,1400.0,5000.0,0.0
JPM,1999-01-31,16.0,1.0,1.6,1.4,0.0,1400.0,5000.0,0.0
JPM,1999-02-28,16.0,1.0,1.6,1.4,0.0,1400.0,5000.0,0.0
JPM,1999-03-31,16.0,1.0,1.6,1.4,0.0,1400.0,5000.0,0.0
JPM,1999-04-30,16.0,1.0,1.6,1.4,0.0,1400.0,5000.0,0.0
JPM,1999-05-31,16.0,1.0,1.6,1.4,0.0,1400.0,5000.0,0.0
JPM,1999-06-30,16.0,1.0,1.6,1.4,0.0,1400.0,5000.0,0.0
JPM,1999-07-31,16.0,1.0,1.6,1.4,0.0,1400.0,5000.0,0.0
JPM,1999-08-31,16.0,1.0,1.6,1.4,0.0,1400.0,5000.0,0.0
JPM,1999-09-30,16.0,1.0,1.6,1.4,0.0,1400.0,5000.0,0.0
JPM,1999-10-31,16.0,1.0,1.6,1.4,0.0,1400.0,5000.0,0.0
JPM,1999-11-30,16.0,1.0,1.6,1.4,0.0,1400.0,5000.0,0.0
JPM,1999-12-31,16.0,1.0,1.6,1.4,0.0,1400.0,5000.0,0.0
JPM,2000-01-31,16.0,1.0,1.6,1.4,0.0,1400.0,5000.0,0.0
JPM,2000-02-29,16.0,1.0,1.6,1.4,0.0,1400.0,5000.0,0.0
JPM,2000-03-31,16.0,1.0,1.6,1.4,0.0,1400.0,5000.0,0.0
JPM,2000-04-30,16.0,1.0,1.6,1.4,0.0,1400.0,5000.0,0.0
JPM,2000-05-31,16.0,1.0,1.6,1.4,0.0,1400.0,5000.0,0.0
JPM,2000-06-30,16.0,1.0,1.6,1.4,0.0,1400.0,5000.0,0.0
JPM,2000-07-31,16.0,1.0,1.6,1.4,0.0,1400.0,5000.0,0.0
JPM,2000-08-31,16.0,1.0,1.6,1.4,0.0,1400.0,5000.0,0.0
JPM,2000-09-30,16.0,1.0,1.6,1.4,0.0,1400.0,5000.0,0.0
JPM,2000-10-31,16.0,1.0,1.6,1.4,0.0,1400.0,5000.0,0.0
JPM,2000-11-30,16.0,1.0,1.6,1.4,0.0,1400.0,5000.0,0.0
JPM,2000-12-31,16.0,1.0,1.6,1.4,0.0,1400.0,5000.0,0.0
JPM,2001-01-31,16.0,1.0,1.6,1.4,0.0,1400.0,5000.0,0.0
JPM,2001-02-28,16.0,1.0,1.6,1.4,0.0,1400.0,5000.0,0.0
JPM,2001-03-31,16.0,1.0,1.6,1.4,0.0,1400.0,5000.0,0.0
JPM,2001-04-30,16.0,1.0,1.6,1.4,0.0,1400.0,5000.0,0.0
JPM,2001-05-31,16.0,1.0,1.6,1.4,0.0,1400.0,5000.0,0.0
JPM,2001-06-30,16.0,1.0,1.6,1.4,0.0,1400.0,5000.0,0.0
JPM,2001-07-31,16.0,1.0,1.6,1.4,0.0,1400.0,5000.0,0.0
JPM,2001-08-31,16.0,1.0,1.6,1.4,0.0,1400.0,5000.0,0.0
JPM,2001-09-30,16.0,1.0,1.6,1.4,0.0,1400.0,5000.0,0.0
JPM,2001-10-31,16.0,1.0,1.6,1.4,0.0,1400.0,5000.0,0.0
JPM,2001-11-30,16.0,1.0,1.6,1.4,0.0,1400.0,5000.0,0.0
JPM,2001-12-31,16.0,1.0,1.6,1.4,0.0,1400.0,5000.0,0.0
JPM,2002-01-31,16.0,1.0,1.6,1.4,0.0,1400.0,5000.0,0.0
JPM,2002-02-28,16.0,1.0,1.6,1.4,0.0,1400.0,5000.0,0.0
JPM,2002-03-31,16.0,1.0,1.6,1.4,0.0,1400.0,5000.0,0.0
JPM,2002-04-30,16.0,1.0,1.6,1.4,0.0,1400.0,5000.0,0.0
JPM,2002-05-31,16.0,1.0,1.6,1.4,0.0,1400.0,5000.0,0.0
JPM,2002-06-30,16.0,1.0,1.6,1.4,0.0,1400.0,5000.0,0.0
JPM,2002-07-31,16.0,1.0,1.6,1.4,0.0,1400.0,5000.0,0.0
JPM,2002-08-31,16.0,1.0,1.6,1.4,0.0,1400.0,5000.0,0.0
JPM,2002-09-30,16.0,1.0,1.6,1.4,0.0,1400.0,5000.0,0.0
JPM,2002-10-31,16.0,1.0,1.6,1.4,0.0,1400.0,5000.0,0.0
JPM,2002-11-30,16.0,1.0,1.6,1.4,0.0,1400.0,5000.0,0.0
JPM,2002-12-31,16.0,1.0,1.6,1.4,0.0,1400.0,5000.0,0.0
JPM,2003-01-31,16.0,1.0,1.6,1.4,0.0,1400.0,5000.0,0.0
JPM,2003-02-28,16.0,1.0,1.6,1.4,0.0,1400.0,5000.0,0.0
JPM,2003-03-31,16.0,1.0,1.6,1.4,0.0,1400.0,5000.0,0.0
JPM,2003-04-30,16.0,1.0,1.6,1.4,0.0,1400.0,5000.0,0.0
JPM,2003-05-31,16.0,1.0,1.6,1.4,0.0,1400.0,5000.0,0.0
JPM,2003-06-30,16.0,1.0,1.6,1.4,0.0,1400.0,5000.0,0.0
JPM,2003-07-31,16.0,1.0,1.6,1.4,0.0,1400.0,5000.0,0.0
JPM,2003-08-31,16.0,1.0,1.6,1.4,0.0,1400.0,5000.0,0.0
JPM,2003-09-30,16.0,1.0,1.6,1.4,0.0,1400.0,5000.0,0.0
JPM,2003-10-31,16.0,1.0,1.6,1.4,0.0,1400.0,5000.0,0.0
JPM,2003-11-30,16.0,1.0,1.6,1.4,0.0,1400.0,5000.0,0.0
JPM,2003-12-31,16.0,1.0,1.6,1.4,0.0,1400.0,5000.0,0.0
JPM,2004-01-31,16.0,1.0,1.6,1.4,0.0,1400.0,5000.0,0.0
JPM,2004-02-29,16.0,1.0,1.6,1.4,0.0,1400.0,5000.0,0.0
JPM,2004-03-31,16.0,1.0,1.6,1.4,0.0,1400.0,5000.0,0.0
JPM,2004-04-30,16.0,1.0,1.6,1.4,0.0,1400.0,5000.0,0.0
JPM,2004-05-31,16.0,1.0,1.6,1.4,0.0,1400.0,5000.0,0.0
JPM,2004-06-30,16.0,1.0,1.6,1.4,0.0,1400.0,5000.0,0.0
JPM,2004-07-31,16.0,1.0,1.6,1.4,0.0,1400.0,5000.0,0.0
JPM,2004-08-31,16.0,1.0,1.6,1.4,0.0,1400.0,5000.0,0.0
JPM,2004-09-30,16.0,1.0,1.6,1.4,0.0,1400.0,5000.0,0.0
JPM,2004-10-31,16.0,1.0,1.6,1.4,0.0,1400.0,5000.0,0.0
JPM,2004-11-30,16.0,1.0,1.6,1.4,0.0,1400.0,5000.0,0.0
JPM,2004-12-31,16.0,1.0,1.6,1.4,0.0,1400.0,5000.0,0.0
JPM,2005-01-31,16.0,1.0,1.6,1.4,0.0,1400.0,5000.0,0.0
JPM,2005-02-28,16.0,1.0,1.6,1.4,0.0,1400.0,5000.0,0.0
JPM,2005-03-31,16.0,1.0,1.6,1.4,0.0,1400.0,5000.0,0.0
JPM,2005-04-30,16.0,1.0,1.6,1.4,0.0,1400.0,5000.0,0.0
JPM,2005-05-31,16.0,1.0,1.6,1.4,0.0,1400.0,5000.0,0.0
JPM,2005-06-30,16.0,1.0,1.6,1.4,0.0,1400.0,5000.0,0.0
JPM,2005-07-31,16.0,1.0,1.6,1.4,0.0,1400.0,5000.0,0.0
JPM,2005-08-31,16.0,1.0,1.6,1.4,0.0,1400.0,5000.0,0.0
JPM,2005-09-30,16.0,1.0,1.6,1.4,0.0,1400.0,5000.0,0.0
JPM,2005-10-31,16.0,1.0,1.6,1.4,0.0,1400.0,5000.0,0.0
JPM,2005-11-30,16.0,1.0,1.6,1.4,0.0,1400.0,5000.0,0.0
JPM,2005-12-31,16.0,1.0,1.6,1.4,0.0,1400.0,5000.0,0.0
JPM,2006-01-31,16.0,1.0,1.6,1.4,0.0,1400.0,5000.0,0.0
JPM,2006-02-28,16.0,1.0,1.6,1.4,0.0,1400.0,5000.0,0.0
JPM,2006-03-31,16.0,1.0,1.6,1.4,0.0,1400.0,5000.0,0.0
JPM,2006-04-30,16.0,1.0,1.6,1.4,0.0,1400.0,5000.0,0.0
JPM,2006-05-31,16.0,1.0,1.6,1.4,0.0,1400.0,5000.0,0.0
JPM,2006-06-30,16.0,1.0,1.6,1.4,0.0,1400.0,5000.0,0.0
JPM,2006-07-31,16.0,1.0,1.6,1.4,0.0,1400.0,5000.0,0.0
JPM,2006-08-31,16.0,1.0,1.6,1.4,0.0,1400.0,5000.0,0.0
JPM,2006-09-30,16.0,1.0,1.6,1.4,0.0,1400.0,5000.0,0.0
JPM,2006-10-31,16.0,1.0,1.6,1.4,0.0,1400.0,5000.0,0.0
JPM,2006-11-30,16.0,1.0,1.6,1.4,0.0,1400.0,5000.0,0.0
JPM,2006-12-31,16.0,1.0,1.6,1.4,0.0,1400.0,5000.0,0.0
JPM,2007-01-31,16.0,1.0,1.6,1.4,0.0,1400.0,5000.0,0.0
JPM,2007-02-28,16.0,1.0,1.6,1.4,0.0,1400.0,5000.0,0.0
JPM,2007-03-31,16.0,1.0,1.6,1.4,0.0,1400.0,5000.0,0.0
JPM,2007-04-30,16.0,1.0,1.6,1.4,0.0,1400.0,5000.0,0.0
JPM,2007-05-31,16.0,1.0,1.6,1.4,0.0,1400.0,5000.0,0.0
JPM,2007-06-30,16.0,1.0,1.6,1.4,0.0,1400.0,5000.0,0.0
JPM,2007-07-31,16.0,1.0,1.6,1.4,0.0,1400.0,5000.0,0.0
JPM,2007-08-31,16.0,1.0,1.6,1.4,0.0,1400.0,5000.0,0.0
JPM,2007-09-30,16.0,1.0,1.6,1.4,0.0,1400.0,5000.0,0.0
JPM,2007-10-31,16.0,1.0,1.6,1.4,0.0,1400.0,5000.0,0.0
JPM,2007-11-30,16.0,1.0,1.6,1.4,0.0,1400.0,5000.0,0.0
JPM,2007-12-31,16.0,1.0,1.6,1.4,0.0,1400.0,5000.0,0.0
JPM,2008-01-31,16.0,1.0,1.6,1.4,0.0,1400.0,5000.0,0.0
JPM,2008-02-29,16.0,1.0,1.6,1.4,0.0,1400.0,5000.0,0.0
JPM,2008-03-31,16.0,1.0,1.6,1.4,0.0,1400.0,5000.0,0.0
JPM,2008-04-30,16.0,1.0,1.6,1.4,0.0,1400.0,5000.0,0.0
JPM,2008-05-31,16.0,1.0,1.6,1.4,0.0,1400.0,5000.0,0.0
JPM,2008-06-30,16.0,1.0,1.6,1.4,0.0,1400.0,5000.0,0.0
JPM,2008-07-31,16.0,1.0,1.6,1.4,0.0,1400.0,5000.0,0.0
JPM,2008-08-31,16.0,1.0,1.6,1.4,0.0,1400.0,5000.0,0.0
JPM,2008-09-30,16.0,1.0,1.6,1.4,0.0,1400.0,5000.0,0.0
JPM,2008-10-31,16.0,1.0,1.6,1.4,0.0,1400.0,5000.0,0.0
JPM,2008-11-30,16.0,1.0,1.6,1.4,0.0,1400.0,5000.0,0.0
JPM,2008-12-31,16.0,1.0,1.6,1.4,0.0,1400.0,5000.0,0.0
JPM,2009-01-31,16.0,1.0,1.6,1.4,0.0,1400.0,5000.0,0.0
JPM,2009-02-28,16.0,1.0,1.6,1.4,0.0,1400.0,5000.0,0.0
JPM,2009-03-31,16.0,1.0,1.6,1.4,0.0,1400.0,5000.0,0.0
JPM,2009-04-30,16.0,1.0,1.6,1.4,0.0,1400.0,5000.0,0.0
JPM,2009-05-31,16.0,1.0,1.6,1.4,0.0,1400.0,5000.0,0.0
JPM,2009-06-30,16.0,1.0,1.6,1.4,0.0,1400.0,5000.0,0.0
JPM,2009-07-31,16.0,1.0,1.6,1.4,0.0,1400.0,5000.0,0.0
JPM,2009-08-31,16.0,1.0,1.6,1.4,0.0,1400.0,5000.0,0.0
JPM,2009-09-30,16.0,1.0,1.6,1.4,0.0,1400.0,5000.0,0.0
JPM,2009-10-31,16.0,1.0,1.6,1.4,0.0,1400.0,5000.0,0.0
JPM,2009-11-30,16.0,1.0,1.6,1.4,0.0,1400.0,5000.0,0.0
JPM,2009-12-31,16.0,1.0,1.6,1.4,0.0,1400.0,5000.0,0.0
JPM,2010-01-31,17.6,1.0,1.7600000000000002,2.0999999999999996,49.99999999999998,2099.9999999999995,10000.0,100.0
JPM,2010-02-28,17.6,1.0,1.7600000000000002,2.0999999999999996,0.0,2099.9999999999995,10000.0,0.0
JPM,2010-03-31,17.6,1.0,1.7600000000000002,2.0999999999999996,0.0,2099.9999999999995,10000.0,0.0
JPM,2010-04-30,17.6,1.0,1.7600000000000002,2.0999999999999996,0.0,2099.9999999999995,10000.0,0.0
JPM,2010-05-31,17.6,1.0,1.7600000000000002,2.0999999999999996,0.0,2099.9999999999995,10000.0,0.0
JPM,2010-06-30,17.6,1.0,1.7600000000000002,2.0999999999999996,0.0,2099.9999999999995,10000.0,0.0
JPM,2010-07-31,17.6,1.0,1.7600000000000002,2.0999999999999996,0.0,2099.9999999999995,10000.0,0.0
JPM,2010-08-31,17.6,1.0,1.7600000000000002,2.0999999999999996,0.0,2099.9999999999995,10000.0,0.0
JPM,2010-09-30,17.6,1.0,1.7600000000000002,2.0999999999999996,0.0,2099.9999999999995,10000.0,0.0
JPM,2010-10-31,17.6,1.0,1.7600000000000002,2.0999999999999996,0.0,2099.9999999999995,10000.0,0.0
JPM,2010-11-30,17.6,1.0,1.7600000000000002,2.0999999999999996,0.0,2099.9999999999995,10000.0,0.0
JPM,2010-12-31,17.6,1.0,1.7600000000000002,2.0999999999999996,0.0,2099.9999999999995,10000.0,0.0
JPM,2011-01-31,17.6,1.0,1.7600000000000002,2.0999999999999996,0.0,2099.9999999999995,10000.0,0.0
JPM,2011-02-28,17.6,1.0,1.7600000000000002,2.0999999999999996,0.0,2099.9999999999995,10000.0,0.0
JPM,2011-03-31,17.6,1.0,1.7600000000000002,2.0999999999999996,0.0,2099.9999999999995,10000.0,0.0
JPM,2011-04-30,17.6,1.0,1.7600000000000002,2.0999999999999996,0.0,2099.9999999999995,10000.0,0.0
JPM,2011-05-31,17.6,1.0,1.7600000000000002,2.0999999999999996,0.0,2099.9999999999995,10000.0,0.0
JPM,2011-06-30,17.6,1.0,1.7600000000000002,2.0999999999999996,0.0,2099.9999999999995,10000.0,0.0
JPM,2011-07-31,17.6,1.0,1.7600000000000002,2.0999999999999996,0.0,2099.9999999999995,10000.0,0.0
JPM,2011-08-31,17.6,1.0,1.7600000000000002,2.0999999999999996,0.0,2099.9999999999995,10000.0,0.0
JPM,2011-09-30,17.6,1.0,1.7600000000000002,2.0999999999999996,0.0,2099.9999999999995,10000.0,0.0
JPM,2011-10-31,17.6,1.0,1.7600000000000002,2.0999999999999996,0.0,2099.9999999999995,10000.0,0.0
JPM,2011-11-30,17.6,1.0,1.7600000000000002,2.0999999999999996,0.0,2099.9999999999995,10000.0,0.0
JPM,2011-12-31,17.6,1.0,1.7600000000000002,2.0999999999999996,0.0,2099.9999999999995,10000.0,0.0
JPM,2012-01-31,17.6,1.0,1.7600000000000002,2.0999999999999996,0.0,2099.9999999999995,10000.0,0.0
JPM,2012-02-29,17.6,1.0,1.7600000000000002,2.0999999999999996,0.0,2099.9999999999995,10000.0,0.0
JPM,2012-03-31,17.6,1.0,1.7600000000000002,2.0999999999999996,0.0,2099.9999999999995,10000.0,0.0
JPM,2012-04-30,17.6,1.0,1.7600000000000002,2.0999999999999996,0.0,2099.9999999999995,10000.0,0.0
JPM,2012-05-31,17.6,1.0,1.7600000000000002,2.0999999999999996,0.0,2099.9999999999995,10000.0,0.0
JPM,2012-06-30,17.6,1.0,1.7600000000000002,2.0999999999999996,0.0,2099.9999999999995,10000.0,0.0
JPM,2012-07-31,17.6,1.0,1.7600000000000002,2.0999999999999996,0.0,2099.9999999999995,10000.0,0.0
JPM,2012-08-31,17.6,1.0,1.7600000000000002,2.0999999999999996,0.0,2099.9999999999995,10000.0,0.0
JPM,2012-09-30,17.6,1.0,1.7600000000000002,2.0999999999999996,0.0,2099.9999999999995,10000.0,0.0
JPM,2012-10-31,17.6,1.0,1.7600000000000002,2.0999999999999996,0.0,2099.9999999999995,10000.0,0.0
JPM,2012-11-30,17.6,1.0,1.7600000000000002,2.0999999999999996,0.0,2099.9999999999995,10000.0,0.0
JPM,2012-12-31,17.6,1.0,1.7600000000000002,2.0999999999999996,0.0,2099.9999999999995,10000.0,0.0
JPM,2013-01-31,17.6,1.0,1.7600000000000002,2.0999999999999996,0.0,2099.9999999999995,10000.0,0.0
JPM,2013-02-28,17.6,1.0,1.7600000000000002,2.0999999999999996,0.0,2099.9999999999995,10000.0,0.0
JPM,2013-03-31,17.6,1.0,1.7600000000000002,2.0999999999999996,0.0,2099.9999999999995,10000.0,0.0
JPM,2013-04-30,17.6,1.0,1.7600000000000002,2.0999999999999996,0.0,2099.9999999999995,10000.0,0.0
JPM,2013-05-31,17.6,1.0,1.7600000000000002,2.0999999999999996,0.0,2099.9999999999995,10000.0,0.0
JPM,2013-06-30,17.6,1.0,1.7600000000000002,2.0999999999999996,0.0,2099.9999999999995,10000.0,0.0
JPM,2013-07-31,17.6,1.0,1.7600000000000002,2.0999999999999996,0.0,2099.9999999999995,10000.0,0.0
JPM,2013-08-31,17.6,1.0,1.7600000000000002,2.0999999999999996,0.0,2099.9999999999995,10000.0,0.0
JPM,2013-09-30,17.6,1.0,1.7600000000000002,2.0999999999999996,0.0,2099.9999999999995,10000.0,0.0
JPM,2013-10-31,17.6,1.0,1.7600000000000002,2.0999999999999996,0.0,2099.9999999999995,10000.0,0.0
JPM,2013-11-30,17.6,1.0,1.7600000000000002,2.0999999999999996,0.0,2099.9999999999995,10000.0,0.0
JPM,2013-12-31,17.6,1.0,1.7600000000000002,2.0999999999999996,0.0,2099.9999999999995,10000.0,0.0
JPM,2014-01-31,17.6,1.0,1.7600000000000002,2.0999999999999996,0.0,2099.9999999999995,10000.0,0.0
JPM,2014-02-28,17.6,1.0,1.7600000000000002,2.0999999999999996,0.0,2099.9999999999995,10000.0,0.0
JPM,2014-03-31,17.6,1.0,1.7600000000000002,2.0999999999999996,0.0,2099.9999999999995,10000.0,0.0
JPM,2014-04-30,17.6,1.0,1.7600000000000002,2.0999999999999996,0.0,2099.9999999999995,10000.0,0.0
JPM,2014-05-31,17.6,1.0,1.7600000000000002,2.0999999999999996,0.0,2099.9999999999995,10000.0,0.0
JPM,2014-06-30,17.6,1.0,1.7600000000000002,2.0999999999999996,0.0,2099.9999999999995,10000.0,0.0
JPM,2014-07-31,17.6,1.0,1.7600000000000002,2.0999999999999996,0.0,2099.9999999999995,10000.0,0.0
JPM,2014-08-31,17.6,1.0,1.7600000000000002,2.0999999999999996,0.0,2099.9999999999995,10000.0,0.0
JPM,2014-09-30,17.6,1.0,1.7600000000000002,2.0999999999999996,0.0,2099.9999999999995,10000.0,0.0
JPM,2014-10-31,17.6,1.0,1.7600000000000002,2.0999999999999996,0.0,2099.9999999999995,10000.0,0.0
JPM,2014-11-30,17.6,1.0,1.7600000000000002,2.0999999999999996,0.0,2099.9999999999995,10000.0,0.0
JPM,2014-12-31,17.6,1.0,1.7600000000000002,2.0999999999999996,0.0,2099.9999999999995,10000.0,0.0
JPM,2015-01-31,17.6,1.0,1.7600000000000002,2.0999999999999996,0.0,2099.9999999999995,10000.0,0.0
JPM,2015-02-28,17.6,1.0,1.7600000000000002,2.0999999999999996,0.0,2099.9999999999995,10000.0,0.0
JPM,2015-03-31,17.6,1.0,1.7600000000000002,2.0999999999999996,0.0,2099.9999999999995,10000.0,0.0
JPM,2015-04-30,17.6,1.0,1.7600000000000002,2.0999999999999996,0.0,2099.9999999999995,10000.0,0.0
JPM,2015-05-31,17.6,1.0,1.7600000000000002,2.0999999999999996,0.0,2099.9999999999995,10000.0,0.0
JPM,2015-06-30,17.6,1.0,1.7600000000000002,2.0999999999999996,0.0,2099.9999999999995,10000.0,0.0
JPM,2015-07-31,17.6,1.0,1.7600000000000002,2.0999999999999996,0.0,2099.9999999999995,10000.0,0.0
JPM,2015-08-31,17.6,1.0,1.7600000000000002,2.0999999999999996,0.0,2099.9999999999995,10000.0,0.0
JPM,2015-09-30,17.6,1.0,1.7600000000000002,2.0999999999999996,0.0,2099.9999999999995,10000.0,0.0
JPM,2015-10-31,17.6,1.0,1.7600000000000002,2.0999999999999996,0.0,2099.9999999999995,10000.0,0.0
JPM,2015-11-30,17.6,1.0,1.7600000000000002,2.0999999999999996,0.0,2099.9999999999995,10000.0,0.0
JPM,2015-12-31,17.6,1.0,1.7600000000000002,2.0999999999999996,0.0,2099.9999999999995,10000.0,0.0
JPM,2016-01-31,17.6,1.0,1.7600000000000002,2.0999999999999996,0.0,2099.9999999999995,10000.0,0.0
JPM,2016-02-29,17.6,1.0,1.7600000000000002,2.0999999999999996,0.0,2099.9999999999995,10000.0,0.0
JPM,2016-03-31,17.6,1.0,1.7600000000000002,2.0999999999999996,0.0,2099.9999999999995,10000.0,0.0
JPM,2016-04-30,17.6,1.0,1.7600000000000002,2.0999999999999996,0.0,2099.9999999999995,10000.0,0.0
JPM,2016-05-31,17.6,1.0,1.7600000000000002,2.0999999999999996,0.0,2099.9999999999995,10000.0,0.0
JPM,2016-06-30,17.6,1.0,1.7600000000000002,2.0999999999999996,0.0,2099.9999999999995,10000.0,0.0
JPM,2016-07-31,17.6,1.0,1.7600000000000002,2.0999999999999996,0.0,2099.9999999999995,10000.0,0.0
JPM,2016-08-31,17.6,1.0,1.7600000000000002,2.0999999999999996,0.0,2099.9999999999995,10000.0,0.0
JPM,2016-09-30,17.6,1.0,1.7600000000000002,2.0999999999999996,0.0,2099.9999999999995,10000.0,0.0
JPM,2016-10-31,17.6,1.0,1.7600000000000002,2.0999999999999996,0.0,2099.9999999999995,10000.0,0.0
JPM,2016-11-30,17.6,1.0,1.7600000000000002,2.0999999999999996,0.0,2099.9999999999995,10000.0,0.0
JPM,2016-12-31,17.6,1.0,1.7600000000000002,2.0999999999999996,0.0,2099.9999999999995,10000.0,0.0
JPM,2017-01-31,17.6,1.0,1.7600000000000002,2.0999999999999996,0.0,2099.9999999999995,10000.0,0.0
JPM,2017-02-28,17.6,1.0,1.7600000000000002,2.0999999999999996,0.0,2099.9999999999995,10000.0,0.0
JPM,2017-03-31,17.6,1.0,1.7600000000000002,2.0999999999999996,0.0,2099.9999999999995,10000.0,0.0
JPM,2017-04-30,17.6,1.0,1.7600000000000002,2.0999999999999996,0.0,2099.9999999999995,10000.0,0.0
JPM,2017-05-31,17.6,1.0,1.7600000000000002,2.0999999999999996,0.0,2099.9999999999995,10000.0,0.0
JPM,2017-06-30,17.6,1.0,1.7600000000000002,2.0999999999999996,0.0,2099.9999999999995,10000.0,0.0
JPM,2017-07-31,17.6,1.0,1.7600000000000002,2.0999999999999996,0.0,2099.9999999999995,10000.0,0.0
JPM,2017-08-31,17.6,1.0,1.7600000000000002,2.0999999999999996,0.0,2099.9999999999995,10000.0,0.0
JPM,2017-09-30,17.6,1.0,1.7600000000000002,2.0999999999999996,0.0,2099.9999999999995,10000.0,0.0
JPM,2017-10-31,17.6,1.0,1.7600000000000002,2.0999999999999996,0.0,2099.9999999999995,10000.0,0.0
JPM,2017-11-30,17.6,1.0,1.7600000000000002,2.0999999999999996,0.0,2099.9999999999995,10000.0,0.0
JPM,2017-12-31,17.6,1.0,1.7600000000000002,2.0999999999999996,0.0,2099.9999999999995,10000.0,0.0
JPM,2018-01-31,17.6,1.0,1.7600000000000002,2.0999999999999996,0.0,2099.9999999999995,10000.0,0.0
JPM,2018-02-28,17.6,1.0,1.7600000000000002,2.0999999999999996,0.0,2099.9999999999995,10000.0,0.0
JPM,2018-03-31,17.6,1.0,1.7600000000000002,2.0999999999999996,0.0,2099.9999999999995,10000.0,0.0
JPM,2018-04-30,17.6,1.0,1.7600000000000002,2.0999999999999996,0.0,2099.9999999999995,10000.0,0.0
JPM,2018-05-31,17.6,1.0,1.7600000000000002,2.0999999999999996,0.0,2099.9999999999995,10000.0,0.0
JPM,2018-06-30,17.6,1.0,1.7600000000000002,2.0999999999999996,0.0,2099.9999999999995,10000.0,0.0
JPM,2018-07-31,17.6,1.0,1.7600000000000002,2.0999999999999996,0.0,2099.9999999999995,10000.0,0.0
JPM,2018-08-31,17.6,1.0,1.7600000000000002,2.0999999999999996,0.0,2099.9999999999995,10000.0,0.0
JPM,2018-09-30,17.6,1.0,1.7600000000000002,2.0999999999999996,0.0,2099.9999999999995,10000.0,0.0
JPM,2018-10-31,17.6,1.0,1.7600000000000002,2.0999999999999996,0.0,2099.9999999999995,10000.0,0.0
JPM,2018-11-30,17.6,1.0,1.7600000000000002,2.0999999999999996,0.0,2099.9999999999995,10000.0,0.0
JPM,2018-12-31,17.6,1.0,1.7600000000000002,2.0999999999999996,0.0,2099.9999999999995,10000.0,0.0
JPM,2019-01-31,17.6,1.0,1.7600000000000002,2.0999999999999996,0.0,2099.9999999999995,10000.0,0.0
JPM,2019-02-28,17.6,1.0,1.7600000000000002,2.0999999999999996,0.0,2099.9999999999995,10000.0,0.0
JPM,2019-03-31,17.6,1.0,1.7600000000000002,2.0999999999999996,0.0,2099.9999999999995,10000.0,0.0
JPM,2019-04-30,17.6,1.0,1.7600000000000002,2.0999999999999996,0.0,2099.9999999999995,10000.0,0.0
JPM,2019-05-31,17.6,1.0,1.7600000000000002,2.0999999999999996,0.0,2099.9999999999995,10000.0,0.0
JPM,2019-06-30,17.6,1.0,1.7600000000000002,2.0999999999999996,0.0,2099.9999999999995,10000.0,0.0
JPM,2019-07-31,17.6,1.0,1.7600000000000002,2.0999999999999996,0.0,2099.9999999999995,10000.0,0.0
JPM,2019-08-31,17.6,1.0,1.7600000000000002,2.0999999999999996,0.0,2099.9999999999995,10000.0,0.0
JPM,2019-09-30,17.6,1.0,1.7600000000000002,2.0999999999999996,0.0,2099.9999999999995,10000.0,0.0
JPM,2019-10-31,17.6,1.0,1.7600000000000002,2.0999999999999996,0.0,2099.9999999999995,10000.0,0.0
JPM,2019-11-30,17.6,1.0,1.7600000000000002,2.0999999999999996,0.0,2099.9999999999995,10000.0,0.0
JPM,2019-12-31,17.6,1.0,1.7600000000000002,2.0999999999999996,0.0,2099.9999999999995,10000.0,0.0
JPM,2020-01-31,17.6,1.0,1.7600000000000002,2.0999999999999996,0.0,2099.9999999999995,10000.0,0.0
JPM,2020-02-29,17.6,1.0,1.7600000000000002,2.0999999999999996,0.0,2099.9999999999995,10000.0,0.0
JPM,2020-03-31,17.6,1.0,1.7600000000000002,2.0999999999999996,0.0,2099.9999999999995,10000.0,0.0
JPM,2020-04-30,17.6,1.0,1.7600000000000002,2.0999999999999996,0.0,2099.9999999999995,10000.0,0.0
JPM,2020-05-31,17.6,1.0,1.7600000000000002,2.0999999999999996,0.0,2099.9999999999995,10000.0,0.0
JPM,2020-06-30,17.6,1.0,1.7600000000000002,2.0999999999999996,0.0,2099.9999999999995,10000.0,0.0
JPM,2020-07-31,17.6,1.0,1.7600000000000002,2.0999999999999996,0.0,2099.9999999999995,10000.0,0.0
JPM,2020-08-31,17.6,1.0,1.7600000000000002,2.0999999999999996,0.0,2099.9999999999995,10000.0,0.0
JPM,2020-09-30,17.6,1.0,1.7600000000000002,2.0999999999999996,0.0,2099.9999999999995,10000.0,0.0
JPM,2020-10-31,17.6,1.0,1.7600000000000002,2.0999999999999996,0.0,2099.9999999999995,10000.0,0.0
JPM,2020-11-30,17.6,1.0,1.7600000000000002,2.0999999999999996,0.0,2099.9999999999995,10000.0,0.0
JPM,2020-12-31,17.6,1.0,1.7600000000000002,2.0999999999999996,0.0,2099.9999999999995,10000.0,0.0
JPM,2021-01-31,17.6,1.0,1.7600000000000002,2.0999999999999996,0.0,2099.9999999999995,10000.0,0.0
JPM,2021-02-28,17.6,1.0,1.7600000000000002,2.0999999999999996,0.0,2099.9999999999995,10000.0,0.0
JPM,2021-03-31,17.6,1.0,1.7600000000000002,2.0999999999999996,0.0,2099.9999999999995,10000.0,0.0
JPM,2021-04-30,17.6,1.0,1.7600000000000002,2.0999999999999996,0.0,2099.9999999999995,10000.0,0.0
JPM,2021-05-31,17.6,1.0,1.7600000000000002,2.0999999999999996,0.0,2099.9999999999995,10000.0,0.0
JPM,2021-06-30,17.6,1.0,1.7600000000000002,2.0999999999999996,0.0,2099.9999999999995,10000.0,0.0
JPM,2021-07-31,17.6,1.0,1.7600000000000002,2.0999999999999996,0.0,2099.9999999999995,10000.0,0.0
JPM,2021-08-31,17.6,1.0,1.7600000000000002,2.0999999999999996,0.0,2099.9999999999995,10000.0,0.0
JPM,2021-09-30,17.6,1.0,1.7600000000000002,2.0999999999999996,0.0,2099.9999999999995,10000.0,0.0
JPM,2021-10-31,17.6,1.0,1.7600000000000002,2.0999999999999996,0.0,2099.9999999999995,10000.0,0.0
JPM,2021-11-30,17.6,1.0,1.7600000000000002,2.0999999999999996,0.0,2099.9999999999995,10000.0,0.0
JPM,2021-12-31,17.6,1.0,1.7600000000000002,2.0999999999999996,0.0,2099.9999999999995,10000.0,0.0
JPM,2022-01-31,17.6,1.0,1.7600000000000002,2.0999999999999996,0.0,2099.9999999999995,10000.0,0.0
JPM,2022-02-28,17.6,1.0,1.7600000000000002,2.0999999999999996,0.0,2099.9999999999995,10000.0,0.0
JPM,2022-03-31,17.6,1.0,1.7600000000000002,2.0999999999999996,0.0,2099.9999999999995,10000.0,0.0
JPM,2022-04-30,17.6,1.0,1.7600000000000002,2.0999999999999996,0.0,2099.9999999999995,10000.0,0.0
JPM,2022-05-31,17.6,1.0,1.7600000000000002,2.0999999999999996,0.0,2099.9999999999995,10000.0,0.0
JPM,2022-06-30,17.6,1.0,1.7600000000000002,2.0999999999999996,0.0,2099.9999999999995,10000.0,0.0
JPM,2022-07-31,17.6,1.0,1.7600000000000002,2.0999999999999996,0.0,2099.9999999999995,10000.0,0.0
JPM,2022-08-31,17.6,1.0,1.7600000000000002,2.0999999999999996,0.0,2099.9999999999995,10000.0,0.0
JPM,2022-09-30,17.6,1.0,1.7600000000000002,2.0999999999999996,0.0,2099.9999999999995,10000.0,0.0
JPM,2022-10-31,17.6,1.0,1.7600000000000002,2.0999999999999996,0.0,2099.9999999999995,10000.0,0.0
JPM,2022-11-30,17.6,1.0,1.7600000000000002,2.0999999999999996,0.0,2099.9999999999995,10000.0,0.0
JPM,2022-12-31,17.6,1.0,1.7600000000000002,2.0999999999999996,0.0,2099.9999999999995,10000.0,0.0
JPM,2023-01-31,17.6,1.0,1.7600000000000002,2.0999999999999996,0.0,2099.9999999999995,10000.0,0.0
JPM,2023-02-28,17.6,1.0,1.7600000000000002,2.0999999999999996,0.0,2099.9999999999995,10000.0,0.0
JPM,2023-03-31,17.6,1.0,1.7600000000000002,2.0999999999999996,0.0,2099.9999999999995,10000.0,0.0
JPM,2023-04-30,17.6,1.0,1.7600000000000002,2.0999999999999996,0.0,2099.9999999999995,10000.0,0.0
JPM,2023-05-31,17.6,1.0,1.7600000000000002,2.0999999999999996,0.0,2099.9999999999995,10000.0,0.0
JPM,2023-06-30,17.6,1.0,1.7600000000000002,2.0999999999999996,0.0,2099.9999999999995,10000.0,0.0
JPM,2023-07-31,17.6,1.0,1.7600000000000002,2.0999999999999996,0.0,2099.9999999999995,10000.0,0.0
JPM,2023-08-31,17.6,1.0,1.7600000000000002,2.0999999999999996,0.0,2099.9999999999995,10000.0,0.0
JPM,2023-09-30,17.6,1.0,1.7600000000000002,2.0999999999999996,0.0,2099.9999999999995,10000.0,0.0
JPM,2023-10-31,17.6,1.0,1.7600000000000002,2.0999999999999996,0.0,2099.9999999999995,10000.0,0.0
JPM,2023-11-30,17.6,1.0,1.7600000000000002,2.0999999999999996,0.0,2099.9999999999995,10000.0,0.0
JPM,2023-12-31,17.6,1.0,1.7600000000000002,2.0999999999999996,0.0,2099.9999999999995,10000.0,0.0
JPM,2024-01-31,17.6,1.0,1.7600000000000002,2.0999999999999996,0.0,2099.9999999999995,10000.0,0.0
JPM,2024-02-29,17.6,1.0,1.7600000000000002,2.0999999999999996,0.0,2099.9999999999995,10000.0,0.0
JPM,2024-03-31,17.6,1.0,1.7600000000000002,2.0999999999999996,0.0,2099.9999999999995,10000.0,0.0
JPM,2024-04-30,17.6,1.0,1.7600000000000002,2.0999999999999996,0.0,2099.9999999999995,10000.0,0.0
JPM,2024-05-31,17.6,1.0,1.7600000000000002,2.0999999999999996,0.0,2099.9999999999995,10000.0,0.0
JPM,2024-06-30,17.6,1.0,1.7600000000000002,2.0999999999999996,0.0,2099.9999999999995,10000.0,0.0
JPM,2024-07-31,17.6,1.0,1.7600000000000002,2.0999999999999996,0.0,2099.9999999999995,10000.0,0.0
JPM,2024-08-31,17.6,1.0,1.7600000000000002,2.0999999999999996,0.0,2099.9999999999995,10000.0,0.0
JPM,2024-09-30,17.6,1.0,1.7600000000000002,2.0999999999999996,0.0,2099.9999999999995,10000.0,0.0
JPM,2024-10-31,17.6,1.0,1.7600000000000002,2.0999999999999996,0.0,2099.9999999999995,10000.0,0.0
JPM,2024-11-30,17.6,1.0,1.7600000000000002,2.0999999999999996,0.0,2099.9999999999995,10000.0,0.0
JPM,2024-12-31,17.6,1.0,1.7600000000000002,2.0999999999999996,0.0,2099.9999999999995,10000.0,0.0
JPM,2025-01-31,19.2,1.0,1.92,2.8,33.33333333333335,2800.0,15000.0,50.0
JPM,2025-02-28,19.2,1.0,1.92,2.8,0.0,2800.0,15000.0,0.0
JPM,2025-03-31,19.2,1.0,1.92,2.8,0.0,2800.0,15000.0,0.0
JPM,2025-04-30,19.2,1.0,1.92,2.8,0.0,2800.0,15000.0,0.0
JPM,2025-05-31,19.2,1.0,1.92,2.8,0.0,2800.0,15000.0,0.0
JPM,2025-06-30,19.2,1.0,1.92,2.8,0.0,2800.0,15000.0,0.0
JPM,2025-07-31,19.2,1.0,1.92,2.8,0.0,2800.0,15000.0,0.0
JPM,2025-08-31,19.2,1.0,1.92,2.8,0.0,2800.0,15000.0,0.0
JPM,2025-09-30,19.2,1.0,1.92,2.8,0.0,2800.0,15000.0,0.0
JPM,2025-10-31,19.2,1.0,1.92,2.8,0.0,2800.0,15000.0,0.0
JPM,2025-11-30,19.2,1.0,1.92,2.8,0.0,2800.0,15000.0,0.0
JPM,2025-12-31,19.2,1.0,1.92,2.8,0.0,2800.0,15000.0,0.0
MSFT,1986-03-31,15.3,1.0,1.53,0.8999999999999999,,899.9999999999999,3000.0,
MSFT,1986-04-30,15.3,1.0,1.53,0.8999999999999999,0.0,899.9999999999999,3000.0,0.0
MSFT,1986-05-31,15.3,1.0,1.53,0.8999999999999999,0.0,899.9999999999999,3000.0,0.0
MSFT,1986-06-30,15.3,1.0,1.53,0.8999999999999999,0.0,899.9999999999999,3000.0,0.0
MSFT,1986-07-31,15.3,1.0,1.53,0.8999999999999999,0.0,899.9999999999999,3000.0,0.0
MSFT,1986-08-31,15.3,1.0,1.53,0.8999999999999999,0.0,899.9999999999999,3000.0,0.0
MSFT,1986-09-30,15.3,1.0,1.53,0.8999999999999999,0.0,899.9999999999999,3000.0,0.0
MSFT,1986-10-31,15.3,1.0,1.53,0.8999999999999999,0.0,899.9999999999999,3000.0,0.0
MSFT,1986-11-30,15.3,1.0,1.53,0.8999999999999999,0.0,899.9999999999999,3000.0,0.0
MSFT,1986-12-31,15.3,1.0,1.53,0.8999999999999999,0.0,899.9999999999999,3000.0,0.0
MSFT,1987-01-31,15.3,1.0,1.53,0.8999999999999999,0.0,899.9999999999999,3000.0,0.0
MSFT,1987-02-28,15.3,1.0,1.53,0.8999999999999999,0.0,899.9999999999999,3000.0,0.0
MSFT,1987-03-31,15.3,1.0,1.53,0.8999999999999999,0.0,899.9999999999999,3000.0,0.0
MSFT,1987-04-30,15.3,1.0,1.53,0.8999999999999999,0.0,899.9999999999999,3000.0,0.0
MSFT,1987-05-31,15.3,1.0,1.53,0.8999999999999999,0.0,899.9999999999999,3000.0,0.0
MSFT,1987-06-30,15.3,1.0,1.53,0.8999999999999999,0.0,899.9999999999999,3000.0,0.0
MSFT,1987-07-31,15.3,1.0,1.53,0.8999999999999999,0.0,899.9999999999999,3000.0,0.0
MSFT,1987-08-31,15.3,1.0,1.53,0.8999999999999999,0.0,899.9999999999999,3000.0,0.0
MSFT,1987-09-30,15.3,1.0,1.53,0.8999999999999999,0.0,899.9999999999999,3000.0,0.0
MSFT,1987-10-31,15.3,1.0,1.53,0.8999999999999999,0.0,899.9999999999999,3000.0,0.0
MSFT,1987-11-30,15.3,1.0,1.53,0.8999999999999999,0.0,899.9999999999999,3000.0,0.0
MSFT,1987-12-31,15.3,1.0,1.53,0.8999999999999999,0.0,899.9999999999999,3000.0,0.0
MSFT,1988-01-31,15.3,1.0,1.53,0.8999999999999999,0.0,899.9999999999999,3000.0,0.0
MSFT,1988-02-29,15.3,1.0,1.53,0.8999999999999999,0.0,899.9999999999999,3000.0,0.0
MSFT,1988-03-31,15.3,1.0,1.53,0.8999999999999999,0.0,899.9999999999999,3000.0,0.0
MSFT,1988-04-30,15.3,1.0,1.53,0.8999999999999999,0.0,899.9999999999999,3000.0,0.0
MSFT,1988-05-31,15.3,1.0,1.53,0.8999999999999999,0.0,899.9999999999999,3000.0,0.0
MSFT,1988-06-30,15.3,1.0,1.53,0.8999999999999999,0.0,899.9999999999999,3000.0,0.0
MSFT,1988-07-31,15.3,1.0,1.53,0.8999999999999999,0.0,899.9999999999999,3000.0,0.0
MSFT,1988-08-31,15.3,1.0,1.53,0.8999999999999999,0.0,899.9999999999999,3000.0,0.0
MSFT,1988-09-30,15.3,1.0,1.53,0.8999999999999999,0.0,899.9999999999999,3000.0,0.0
MSFT,1988-10-31,15.3,1.0,1.53,0.8999999999999999,0.0,899.9999999999999,3000.0,0.0
MSFT,1988-11-30,15.3,1.0,1.53,0.8999999999999999,0.0,899.9999999999999,3000.0,0.0
MSFT,1988-12-31,15.3,1.0,1.53,0.8999999999999999,0.0,899.9999999999999,3000.0,0.0
MSFT,1989-01-31,15.3,1.0,1.53,0.8999999999999999,0.0,899.9999999999999,3000.0,0.0
MSFT,1989-02-28,15.3,1.0,1.53,0.8999999999999999,0.0,899.9999999999999,3000.0,0.0
MSFT,1989-03-31,15.3,1.0,1.53,0.8999999999999999,0.0,899.9999999999999,3000.0,0.0
MSFT,1989-04-30,15.3,1.0,1.53,0.8999999999999999,0.0,899.9999999999999,3000.0,0.0
MSFT,1989-05-31,15.3,1.0,1.53,0.8999999999999999,0.0,899.9999999999999,3000.0,0.0
MSFT,1989-06-30,15.3,1.0,1.53,0.8999999999999999,0.0,899.9999999999999,3000.0,0.0
MSFT,1989-07-31,15.3,1.0,1.53,0.8999999999999999,0.0,899.9999999999999,3000.0,0.0
MSFT,1989-08-31,15.3,1.0,1.53,0.8999999999999999,0.0,899.9999999999999,3000.0,0.0
MSFT,1989-09-30,15.3,1.0,1.53,0.8999999999999999,0.0,899.9999999999999,3000.0,0.0
MSFT,1989-10-31,15.3,1.0,1.53,0.8999999999999999,0.0,899.9999999999999,3000.0,0.0
MSFT,1989-11-30,15.3,1.0,1.53,0.8999999999999999,0.0,899.9999999999999,3000.0,0.0
MSFT,1989-12-31,15.3,1.0,1.53,0.8999999999999999,0.0,899.9999999999999,3000.0,0.0
MSFT,1990-01-31,17.0,1.0,1.7,1.5,66.66666666666667,1500.0,6000.0,100.0
MSFT,1990-02-28,17.0,1.0,1.7,1.5,0.0,1500.0,6000.0,0.0
MSFT,1990-03-31,17.0,1.0,1.7,1.5,0.0,1500.0,6000.0,0.0
MSFT,1990-04-30,17.0,1.0,1.7,1.5,0.0,1500.0,6000.0,0.0
MSFT,1990-05-31,17.0,1.0,1.7,1.5,0.0,1500.0,6000.0,0.0
MSFT,1990-06-30,17.0,1.0,1.7,1.5,0.0,1500.0,6000.0,0.0
MSFT,1990-07-31,17.0,1.0,1.7,1.5,0.0,1500.0,6000.0,0.0
MSFT,1990-08-31,17.0,1.0,1.7,1.5,0.0,1500.0,6000.0,0.0
MSFT,1990-09-30,17.0,1.0,1.7,1.5,0.0,1500.0,6000.0,0.0
MSFT,1990-10-31,17.0,1.0,1.7,1.5,0.0,1500.0,6000.0,0.0
MSFT,1990-11-30,17.0,1.0,1.7,1.5,0.0,1500.0,6000.0,0.0
MSFT,1990-12-31,17.0,1.0,1.7,1.5,0.0,1500.0,6000.0,0.0
MSFT,1991-01-31,17.0,1.0,1.7,1.5,0.0,1500.0,6000.0,0.0
MSFT,1991-02-28,17.0,1.0,1.7,1.5,0.0,1500.0,6000.0,0.0
MSFT,1991-03-31,17.0,1.0,1.7,1.5,0.0,1500.0,6000.0,0.0
MSFT,1991-04-30,17.0,1.0,1.7,1.5,0.0,1500.0,6000.0,0.0
MSFT,1991-05-31,17.0,1.0,1.7,1.5,0.0,1500.0,6000.0,0.0
MSFT,1991-06-30,17.0,1.0,1.7,1.5,0.0,1500.0,6000.0,0.0
MSFT,1991-07-31,17.0,1.0,1.7,1.5,0.0,1500.0,6000.0,0.0
MSFT,1991-08-31,17.0,1.0,1.7,1.5,0.0,1500.0,6000.0,0.0
MSFT,1991-09-30,17.0,1.0,1.7,1.5,0.0,1500.0,6000.0,0.0
MSFT,1991-10-31,17.0,1.0,1.7,1.5,0.0,1500.0,6000.0,0.0
MSFT,1991-11-30,17.0,1.0,1.7,1.5,0.0,1500.0,6000.0,0.0
MSFT,1991-12-31,17.0,1.0,1.7,1.5,0.0,1500.0,6000.0,0.0
MSFT,1992-01-31,17.0,1.0,1.7,1.5,0.0,1500.0,6000.0,0.0
MSFT,1992-02-29,17.0,1.0,1.7,1.5,0.0,1500.0,6000.0,0.0
MSFT,1992-03-31,17.0,1.0,1.7,1.5,0.0,1500.0,6000.0,0.0
MSFT,1992-04-30,17.0,1.0,1.7,1.5,0.0,1500.0,6000.0,0.0
MSFT,1992-05-31,17.0,1.0,1.7,1.5,0.0,1500.0,6000.0,0.0
MSFT,1992-06-30,17.0,1.0,1.7,1.5,0.0,1500.0,6000.0,0.0
MSFT,1992-07-31,17.0,1.0,1.7,1.5,0.0,1500.0,6000.0,0.0
MSFT,1992-08-31,17.0,1.0,1.7,1.5,0.0,1500.0,6000.0,0.0
MSFT,1992-09-30,17.0,1.0,1.7,1.5,0.0,1500.0,6000.0,0.0
MSFT,1992-10-31,17.0,1.0,1.7,1.5,0.0,1500.0,6000.0,0.0
MSFT,1992-11-30,17.0,1.0,1.7,1.5,0.0,1500.0,6000.0,0.0
MSFT,1992-12-31,17.0,1.0,1.7,1.5,0.0,1500.0,6000.0,0.0
MSFT,1993-01-31,17.0,1.0,1.7,1.5,0.0,1500.0,6000.0,0.0
MSFT,1993-02-28,17.0,1.0,1.7,1.5,0.0,1500.0,6000.0,0.0
MSFT,1993-03-31,17.0,1.0,1.7,1.5,0.0,1500.0,6000.0,0.0
MSFT,1993-04-30,17.0,1.0,1.7,1.5,0.0,1500.0,6000.0,0.0
MSFT,1993-05-31,17.0,1.0,1.7,1.5,0.0,1500.0,6000.0,0.0
MSFT,1993-06-30,17.0,1.0,1.7,1.5,0.0,1500.0,6000.0,0.0
MSFT,1993-07-31,17.0,1.0,1.7,1.5,0.0,1500.0,6000.0,0.0
MSFT,1993-08-31,17.0,1.0,1.7,1.5,0.0,1500.0,6000.0,0.0
MSFT,1993-09-30,17.0,1.0,1.7,1.5,0.0,1500.0,6000.0,0.0
MSFT,1993-10-31,17.0,1.0,1.7,1.5,0.0,1500.0,6000.0,0.0
MSFT,1993-11-30,17.0,1.0,1.7,1.5,0.0,1500.0,6000.0,0.0
MSFT,1993-12-31,17.0,1.0,1.7,1.5,0.0,1500.0,6000.0,0.0
MSFT,1994-01-31,17.0,1.0,1.7,1.5,0.0,1500.0,6000.0,0.0
MSFT,1994-02-28,17.0,1.0,1.7,1.5,0.0,1500.0,6000.0,0.0
MSFT,1994-03-31,17.0,1.0,1.7,1.5,0.0,1500.0,6000.0,0.0
MSFT,1994-04-30,17.0,1.0,1.7,1.5,0.0,1500.0,6000.0,0.0
MSFT,1994-05-31,17.0,1.0,1.7,1.5,0.0,1500.0,6000.0,0.0
MSFT,1994-06-30,17.0,1.0,1.7,1.5,0.0,1500.0,6000.0,0.0
MSFT,1994-07-31,17.0,1.0,1.7,1.5,0.0,1500.0,6000.0,0.0
MSFT,1994-08-31,17.0,1.0,1.7,1.5,0.0,1500.0,6000.0,0.0
MSFT,1994-09-30,17.0,1.0,1.7,1.5,0.0,1500.0,6000.0,0.0
MSFT,1994-10-31,17.0,1.0,1.7,1.5,0.0,1500.0,6000.0,0.0
MSFT,1994-11-30,17.0,1.0,1.7,1.5,0.0,1500.0,6000.0,0.0
MSFT,1994-12-31,17.0,1.0,1.7,1.5,0.0,1500.0,6000.0,0.0
MSFT,1995-01-31,17.0,1.0,1.7,1.5,0.0,1500.0,6000.0,0.0
MSFT,1995-02-28,17.0,1.0,1.7,1.5,0.0,1500.0,6000.0,0.0
MSFT,1995-03-31,17.0,1.0,1.7,1.5,0.0,1500.0,6000.0,0.0
MSFT,1995-04-30,17.0,1.0,1.7,1.5,0.0,1500.0,6000.0,0.0
MSFT,1995-05-31,17.0,1.0,1.7,1.5,0.0,1500.0,6000.0,0.0
MSFT,1995-06-30,17.0,1.0,1.7,1.5,0.0,1500.0,6000.0,0.0
MSFT,1995-07-31,17.0,1.0,1.7,1.5,0.0,1500.0,6000.0,0.0
MSFT,1995-08-31,17.0,1.0,1.7,1.5,0.0,1500.0,6000.0,0.0
MSFT,1995-09-30,17.0,1.0,1.7,1.5,0.0,1500.0,6000.0,0.0
MSFT,1995-10-31,17.0,1.0,1.7,1.5,0.0,1500.0,6000.0,0.0
MSFT,1995-11-30,17.0,1.0,1.7,1.5,0.0,1500.0,6000.0,0.0
MSFT,1995-12-31,17.0,1.0,1.7,1.5,0.0,1500.0,6000.0,0.0
MSFT,1996-01-31,17.0,1.0,1.7,1.5,0.0,1500.0,6000.0,0.0
MSFT,1996-02-29,17.0,1.0,1.7,1.5,0.0,1500.0,6000.0,0.0
MSFT,1996-03-31,17.0,1.0,1.7,1.5,0.0,1500.0,6000.0,0.0
MSFT,1996-04-30,17.0,1.0,1.7,1.5,0.0,1500.0,6000.0,0.0
MSFT,1996-05-31,17.0,1.0,1.7,1.5,0.0,1500.0,6000.0,0.0
MSFT,1996-06-30,17.0,1.0,1.7,1.5,0.0,1500.0,6000.0,0.0
MSFT,1996-07-31,17.0,1.0,1.7,1.5,0.0,1500.0,6000.0,0.0
MSFT,1996-08-31,17.0,1.0,1.7,1.5,0.0,1500.0,6000.0,0.0
MSFT,1996-09-30,17.0,1.0,1.7,1.5,0.0,1500.0,6000.0,0.0
MSFT,1996-10-31,17.0,1.0,1.7,1.5,0.0,1500.0,6000.0,0.0
MSFT,1996-11-30,17.0,1.0,1.7,1.5,0.0,1500.0,6000.0,0.0
MSFT,1996-12-31,17.0,1.0,1.7,1.5,0.0,1500.0,6000.0,0.0
MSFT,1997-01-31,17.0,1.0,1.7,1.5,0.0,1500.0,6000.0,0.0
MSFT,1997-02-28,17.0,1.0,1.7,1.5,0.0,1500.0,6000.0,0.0
MSFT,1997-03-31,17.0,1.0,1.7,1.5,0.0,1500.0,6000.0,0.0
MSFT,1997-04-30,17.0,1.0,1.7,1.5,0.0,1500.0,6000.0,0.0
MSFT,1997-05-31,17.0,1.0,1.7,1.5,0.0,1500.0,6000.0,0.0
MSFT,1997-06-30,17.0,1.0,1.7,1.5,0.0,1500.0,6000.0,0.0
MSFT,1997-07-31,17.0,1.0,1.7,1.5,0.0,1500.0,6000.0,0.0
MSFT,1997-08-31,17.0,1.0,1.7,1.5,0.0,1500.0,6000.0,0.0
MSFT,1997-09-30,17.0,1.0,1.7,1.5,0.0,1500.0,6000.0,0.0
MSFT,1997-10-31,17.0,1.0,1.7,1.5,0.0,1500.0,6000.0,0.0
MSFT,1997-11-30,17.0,1.0,1.7,1.5,0.0,1500.0,6000.0,0.0
MSFT,1997-12-31,17.0,1.0,1.7,1.5,0.0,1500.0,6000.0,0.0
MSFT,1998-01-31,17.0,1.0,1.7,1.5,0.0,1500.0,6000.0,0.0
MSFT,1998-02-28,17.0,1.0,1.7,1.5,0.0,1500.0,6000.0,0.0
MSFT,1998-03-31,17.0,1.0,1.7,1.5,0.0,1500.0,6000.0,0.0
MSFT,1998-04-30,17.0,1.0,1.7,1.5,0.0,1500.0,6000.0,0.0
MSFT,1998-05-31,17.0,1.0,1.7,1.5,0.0,1500.0,6000.0,0.0
MSFT,1998-06-30,17.0,1.0,1.7,1.5,0.0,1500.0,6000.0,0.0
MSFT,1998-07-31,17.0,1.0,1.7,1.5,0.0,1500.0,6000.0,0.0
MSFT,1998-08-31,17.0,1.0,1.7,1.5,0.0,1500.0,6000.0,0.0
MSFT,1998-09-30,17.0,1.0,1.7,1.5,0.0,1500.0,6000.0,0.0
MSFT,1998-10-31,17.0,1.0,1.7,1.5,0.0,1500.0,6000.0,0.0
MSFT,1998-11-30,17.0,1.0,1.7,1.5,0.0,1500.0,6000.0,0.0
MSFT,1998-12-31,17.0,1.0,1.7,1.5,0.0,1500.0,6000.0,0.0
MSFT,1999-01-31,17.0,1.0,1.7,1.5,0.0,1500.0,6000.0,0.0
MSFT,1999-02-28,17.0,1.0,1.7,1.5,0.0,1500.0,6000.0,0.0
MSFT,1999-03-31,17.0,1.0,1.7,1.5,0.0,1500.0,6000.0,0.0
MSFT,1999-04-30,17.0,1.0,1.7,1.5,0.0,1500.0,6000.0,0.0
MSFT,1999-05-31,17.0,1.0,1.7,1.5,0.0,1500.0,6000.0,0.0
MSFT,1999-06-30,17.0,1.0,1.7,1.5,0.0,1500.0,6000.0,0.0
MSFT,1999-07-31,17.0,1.0,1.7,1.5,0.0,1500.0,6000.0,0.0
MSFT,1999-08-31,17.0,1.0,1.7,1.5,0.0,1500.0,6000.0,0.0
MSFT,1999-09-30,17.0,1.0,1.7,1.5,0.0,1500.0,6000.0,0.0
MSFT,1999-10-31,17.0,1.0,1.7,1.5,0.0,1500.0,6000.0,0.0
MSFT,1999-11-30,17.0,1.0,1.7,1.5,0.0,1500.0,6000.0,0.0
MSFT,1999-12-31,17.0,1.0,1.7,1.5,0.0,1500.0,6000.0,0.0
MSFT,2000-01-31,17.0,1.0,1.7,1.5,0.0,1500.0,6000.0,0.0
MSFT,2000-02-29,17.0,1.0,1.7,1.5,0.0,1500.0,6000.0,0.0
MSFT,2000-03-31,17.0,1.0,1.7,1.5,0.0,1500.0,6000.0,0.0
MSFT,2000-04-30,17.0,1.0,1.7,1.5,0.0,1500.0,6000.0,0.0
MSFT,2000-05-31,17.0,1.0,1.7,1.5,0.0,1500.0,6000.0,0.0
MSFT,2000-06-30,17.0,1.0,1.7,1.5,0.0,1500.0,6000.0,0.0
MSFT,2000-07-31,17.0,1.0,1.7,1.5,0.0,1500.0,6000.0,0.0
MSFT,2000-08-31,17.0,1.0,1.7,1.5,0.0,1500.0,6000.0,0.0
MSFT,2000-09-30,17.0,1.0,1.7,1.5,0.0,1500.0,6000.0,0.0
MSFT,2000-10-31,17.0,1.0,1.7,1.5,0.0,1500.0,6000.0,0.0
MSFT,2000-11-30,17.0,1.0,1.7,1.5,0.0,1500.0,6000.0,0.0
MSFT,2000-12-31,17.0,1.0,1.7,1.5,0.0,1500.0,6000.0,0.0
MSFT,2001-01-31,17.0,1.0,1.7,1.5,0.0,1500.0,6000.0,0.0
MSFT,2001-02-28,17.0,1.0,1.7,1.5,0.0,1500.0,6000.0,0.0
MSFT,2001-03-31,17.0,1.0,1.7,1.5,0.0,1500.0,6000.0,0.0
MSFT,2001-04-30,17.0,1.0,1.7,1.5,0.0,1500.0,6000.0,0.0
MSFT,2001-05-31,17.0,1.0,1.7,1.5,0.0,1500.0,6000.0,0.0
MSFT,2001-06-30,17.0,1.0,1.7,1.5,0.0,1500.0,6000.0,0.0
MSFT,2001-07-31,17.0,1.0,1.7,1.5,0.0,1500.0,6000.0,0.0
MSFT,2001-08-31,17.0,1.0,1.7,1.5,0.0,1500.0,6000.0,0.0
MSFT,2001-09-30,17.0,1.0,1.7,1.5,0.0,1500.0,6000.0,0.0
MSFT,2001-10-31,17.0,1.0,1.7,1.5,0.0,1500.0,6000.0,0.0
MSFT,2001-11-30,17.0,1.0,1.7,1.5,0.0,1500.0,6000.0,0.0
MSFT,2001-12-31,17.0,1.0,1.7,1.5,0.0,1500.0,6000.0,0.0
MSFT,2002-01-31,17.0,1.0,1.7,1.5,0.0,1500.0,6000.0,0.0
MSFT,2002-02-28,17.0,1.0,1.7,1.5,0.0,1500.0,6000.0,0.0
MSFT,2002-03-31,17.0,1.0,1.7,1.5,0.0,1500.0,6000.0,0.0
MSFT,2002-04-30,17.0,1.0,1.7,1.5,0.0,1500.0,6000.0,0.0
MSFT,2002-05-31,17.0,1.0,1.7,1.5,0.0,1500.0,6000.0,0.0
MSFT,2002-06-30,17.0,1.0,1.7,1.5,0.0,1500.0,6000.0,0.0
MSFT,2002-07-31,17.0,1.0,1.7,1.5,0.0,1500.0,6000.0,0.0
MSFT,2002-08-31,17.0,1.0,1.7,1.5,0.0,1500.0,6000.0,0.0
MSFT,2002-09-30,17.0,1.0,1.7,1.5,0.0,1500.0,6000.0,0.0
MSFT,2002-10-31,17.0,1.0,1.7,1.5,0.0,1500.0,6000.0,0.0
MSFT,2002-11-30,17.0,1.0,1.7,1.5,0.0,1500.0,6000.0,0.0
MSFT,2002-12-31,17.0,1.0,1.7,1.5,0.0,1500.0,6000.0,0.0
MSFT,2003-01-31,17.0,1.0,1.7,1.5,0.0,1500.0,6000.0,0.0
MSFT,2003-02-28,17.0,1.0,1.7,1.5,0.0,1500.0,6000.0,0.0
MSFT,2003-03-31,17.0,1.0,1.7,1.5,0.0,1500.0,6000.0,0.0
MSFT,2003-04-30,17.0,1.0,1.7,1.5,0.0,1500.0,6000.0,0.0
MSFT,2003-05-31,17.0,1.0,1.7,1.5,0.0,1500.0,6000.0,0.0
MSFT,2003-06-30,17.0,1.0,1.7,1.5,0.0,1500.0,6000.0,0.0
MSFT,2003-07-31,17.0,1.0,1.7,1.5,0.0,1500.0,6000.0,0.0
MSFT,2003-08-31,17.0,1.0,1.7,1.5,0.0,1500.0,6000.0,0.0
MSFT,2003-09-30,17.0,1.0,1.7,1.5,0.0,1500.0,6000.0,0.0
MSFT,2003-10-31,17.0,1.0,1.7,1.5,0.0,1500.0,6000.0,0.0
MSFT,2003-11-30,17.0,1.0,1.7,1.5,0.0,1500.0,6000.0,0.0
MSFT,2003-12-31,17.0,1.0,1.7,1.5,0.0,1500.0,6000.0,0.0
MSFT,2004-01-31,17.0,1.0,1.7,1.5,0.0,1500.0,6000.0,0.0
MSFT,2004-02-29,17.0,1.0,1.7,1.5,0.0,1500.0,6000.0,0.0
MSFT,2004-03-31,17.0,1.0,1.7,1.5,0.0,1500.0,6000.0,0.0
MSFT,2004-04-30,17.0,1.0,1.7,1.5,0.0,1500.0,6000.0,0.0
MSFT,2004-05-31,17.0,1.0,1.7,1.5,0.0,1500.0,6000.0,0.0
MSFT,2004-06-30,17.0,1.0,1.7,1.5,0.0,1500.0,6000.0,0.0
MSFT,2004-07-31,17.0,1.0,1.7,1.5,0.0,1500.0,6000.0,0.0
MSFT,2004-08-31,17.0,1.0,1.7,1.5,0.0,1500.0,6000.0,0.0
MSFT,2004-09-30,17.0,1.0,1.7,1.5,0.0,1500.0,6000.0,0.0
MSFT,2004-10-31,17.0,1.0,1.7,1.5,0.0,1500.0,6000.0,0.0
MSFT,2004-11-30,17.0,1.0,1.7,1.5,0.0,1500.0,6000.0,0.0
MSFT,2004-12-31,17.0,1.0,1.7,1.5,0.0,1500.0,6000.0,0.0
MSFT,2005-01-31,17.0,1.0,1.7,1.5,0.0,1500.0,6000.0,0.0
MSFT,2005-02-28,17.0,1.0,1.7,1.5,0.0,1500.0,6000.0,0.0
MSFT,2005-03-31,17.0,1.0,1.7,1.5,0.0,1500.0,6000.0,0.0
MSFT,2005-04-30,17.0,1.0,1.7,1.5,0.0,1500.0,6000.0,0.0
MSFT,2005-05-31,17.0,1.0,1.7,1.5,0.0,1500.0,6000.0,0.0
MSFT,2005-06-30,17.0,1.0,1.7,1.5,0.0,1500.0,6000.0,0.0
MSFT,2005-07-31,17.0,1.0,1.7,1.5,0.0,1500.0,6000.0,0.0
MSFT,2005-08-31,17.0,1.0,1.7,1.5,0.0,1500.0,6000.0,0.0
MSFT,2005-09-30,17.0,1.0,1.7,1.5,0.0,1500.0,6000.0,0.0
MSFT,2005-10-31,17.0,1.0,1.7,1.5,0.0,1500.0,6000.0,0.0
MSFT,2005-11-30,17.0,1.0,1.7,1.5,0.0,1500.0,6000.0,0.0
MSFT,2005-12-31,17.0,1.0,1.7,1.5,0.0,1500.0,6000.0,0.0
MSFT,2006-01-31,17.0,1.0,1.7,1.5,0.0,1500.0,6000.0,0.0
MSFT,2006-02-28,17.0,1.0,1.7,1.5,0.0,1500.0,6000.0,0.0
MSFT,2006-03-31,17.0,1.0,1.7,1.5,0.0,1500.0,6000.0,0.0
MSFT,2006-04-30,17.0,1.0,1.7,1.5,0.0,1500.0,6000.0,0.0
MSFT,2006-05-31,17.0,1.0,1.7,1.5,0.0,1500.0,6000.0,0.0
MSFT,2006-06-30,17.0,1.0,1.7,1.5,0.0,1500.0,6000.0,0.0
MSFT,2006-07-31,17.0,1.0,1.7,1.5,0.0,1500.0,6000.0,0.0
MSFT,2006-08-31,17.0,1.0,1.7,1.5,0.0,1500.0,6000.0,0.0
MSFT,2006-09-30,17.0,1.0,1.7,1.5,0.0,1500.0,6000.0,0.0
MSFT,2006-10-31,17.0,1.0,1.7,1.5,0.0,1500.0,6000.0,0.0
MSFT,2006-11-30,17.0,1.0,1.7,1.5,0.0,1500.0,6000.0,0.0
MSFT,2006-12-31,17.0,1.0,1.7,1.5,0.0,1500.0,6000.0,0.0
MSFT,2007-01-31,17.0,1.0,1.7,1.5,0.0,1500.0,6000.0,0.0
MSFT,2007-02-28,17.0,1.0,1.7,1.5,0.0,1500.0,6000.0,0.0
MSFT,2007-03-31,17.0,1.0,1.7,1.5,0.0,1500.0,6000.0,0.0
MSFT,2007-04-30,17.0,1.0,1.7,1.5,0.0,1500.0,6000.0,0.0
MSFT,2007-05-31,17.0,1.0,1.7,1.5,0.0,1500.0,6000.0,0.0
MSFT,2007-06-30,17.0,1.0,1.7,1.5,0.0,1500.0,6000.0,0.0
MSFT,2007-07-31,17.0,1.0,1.7,1.5,0.0,1500.0,6000.0,0.0
MSFT,2007-08-31,17.0,1.0,1.7,1.5,0.0,1500.0,6000.0,0.0
MSFT,2007-09-30,17.0,1.0,1.7,1.5,0.0,1500.0,6000.0,0.0
MSFT,2007-10-31,17.0,1.0,1.7,1.5,0.0,1500.0,6000.0,0.0
MSFT,2007-11-30,17.0,1.0,1.7,1.5,0.0,1500.0,6000.0,0.0
MSFT,2007-12-31,17.0,1.0,1.7,1.5,0.0,1500.0,6000.0,0.0
MSFT,2008-01-31,17.0,1.0,1.7,1.5,0.0,1500.0,6000.0,0.0
MSFT,2008-02-29,17.0,1.0,1.7,1.5,0.0,1500.0,6000.0,0.0
MSFT,2008-03-31,17.0,1.0,1.7,1.5,0.0,1500.0,6000.0,0.0
MSFT,2008-04-30,17.0,1.0,1.7,1.5,0.0,1500.0,6000.0,0.0
MSFT,2008-05-31,17.0,1.0,1.7,1.5,0.0,1500.0,6000.0,0.0
MSFT,2008-06-30,17.0,1.0,1.7,1.5,0.0,1500.0,6000.0,0.0
MSFT,2008-07-31,17.0,1.0,1.7,1.5,0.0,1500.0,6000.0,0.0
MSFT,2008-08-31,17.0,1.0,1.7,1.5,0.0,1500.0,6000.0,0.0
MSFT,2008-09-30,17.0,1.0,1.7,1.5,0.0,1500.0,6000.0,0.0
MSFT,2008-10-31,17.0,1.0,1.7,1.5,0.0,1500.0,6000.0,0.0
MSFT,2008-11-30,17.0,1.0,1.7,1.5,0.0,1500.0,6000.0,0.0
MSFT,2008-12-31,17.0,1.0,1.7,1.5,0.0,1500.0,6000.0,0.0
MSFT,2009-01-31,17.0,1.0,1.7,1.5,0.0,1500.0,6000.0,0.0
MSFT,2009-02-28,17.0,1.0,1.7,1.5,0.0,1500.0,6000.0,0.0
MSFT,2009-03-31,17.0,1.0,1.7,1.5,0.0,1500.0,6000.0,0.0
MSFT,2009-04-30,17.0,1.0,1.7,1.5,0.0,1500.0,6000.0,0.0
MSFT,2009-05-31,17.0,1.0,1.7,1.5,0.0,1500.0,6000.0,0.0
MSFT,2009-06-30,17.0,1.0,1.7,1.5,0.0,1500.0,6000.0,0.0
MSFT,2009-07-31,17.0,1.0,1.7,1.5,0.0,1500.0,6000.0,0.0
MSFT,2009-08-31,17.0,1.0,1.7,1.5,0.0,1500.0,6000.0,0.0
MSFT,2009-09-30,17.0,1.0,1.7,1.5,0.0,1500.0,6000.0,0.0
MSFT,2009-10-31,17.0,1.0,1.7,1.5,0.0,1500.0,6000.0,0.0
MSFT,2009-11-30,17.0,1.0,1.7,1.5,0.0,1500.0,6000.0,0.0
MSFT,2009-12-31,17.0,1.0,1.7,1.5,0.0,1500.0,6000.0,0.0
MSFT,2010-01-31,18.700000000000003,1.0,1.8700000000000003,2.25,50.0,2250.0,12000.0,100.0
MSFT,2010-02-28,18.700000000000003,1.0,1.8700000000000003,2.25,0.0,2250.0,12000.0,0.0
MSFT,2010-03-31,18.700000000000003,1.0,1.8700000000000003,2.25,0.0,2250.0,12000.0,0.0
MSFT,2010-04-30,18.700000000000003,1.0,1.8700000000000003,2.25,0.0,2250.0,12000.0,0.0
MSFT,2010-05-31,18.700000000000003,1.0,1.8700000000000003,2.25,0.0,2250.0,12000.0,0.0
MSFT,2010-06-30,18.700000000000003,1.0,1.8700000000000003,2.25,0.0,2250.0,12000.0,0.0
MSFT,2010-07-31,18.700000000000003,1.0,1.8700000000000003,2.25,0.0,2250.0,12000.0,0.0
MSFT,2010-08-31,18.700000000000003,1.0,1.8700000000000003,2.25,0.0,2250.0,12000.0,0.0
MSFT,2010-09-30,18.700000000000003,1.0,1.8700000000000003,2.25,0.0,2250.0,12000.0,0.0
MSFT,2010-10-31,18.700000000000003,1.0,1.8700000000000003,2.25,0.0,2250.0,12000.0,0.0
MSFT,2010-11-30,18.700000000000003,1.0,1.8700000000000003,2.25,0.0,2250.0,12000.0,0.0
MSFT,2010-12-31,18.700000000000003,1.0,1.8700000000000003,2.25,0.0,2250.0,12000.0,0.0
MSFT,2011-01-31,18.700000000000003,1.0,1.8700000000000003,2.25,0.0,2250.0,12000.0,0.0
MSFT,2011-02-28,18.700000000000003,1.0,1.8700000000000003,2.25,0.0,2250.0,12000.0,0.0
MSFT,2011-03-31,18.700000000000003,1.0,1.8700000000000003,2.25,0.0,2250.0,12000.0,0.0
MSFT,2011-04-30,18.700000000000003,1.0,1.8700000000000003,2.25,0.0,2250.0,12000.0,0.0
MSFT,2011-05-31,18.700000000000003,1.0,1.8700000000000003,2.25,0.0,2250.0,12000.0,0.0
MSFT,2011-06-30,18.700000000000003,1.0,1.8700000000000003,2.25,0.0,2250.0,12000.0,0.0
MSFT,2011-07-31,18.700000000000003,1.0,1.8700000000000003,2.25,0.0,2250.0,12000.0,0.0
MSFT,2011-08-31,18.700000000000003,1.0,1.8700000000000003,2.25,0.0,2250.0,12000.0,0.0
MSFT,2011-09-30,18.700000000000003,1.0,1.8700000000000003,2.25,0.0,2250.0,12000.0,0.0
MSFT,2011-10-31,18.700000000000003,1.0,1.8700000000000003,2.25,0.0,2250.0,12000.0,0.0
MSFT,2011-11-30,18.700000000000003,1.0,1.8700000000000003,2.25,0.0,2250.0,12000.0,0.0
MSFT,2011-12-31,18.700000000000003,1.0,1.8700000000000003,2.25,0.0,2250.0,12000.0,0.0
MSFT,2012-01-31,18.700000000000003,1.0,1.8700000000000003,2.25,0.0,2250.0,12000.0,0.0
MSFT,2012-02-29,18.700000000000003,1.0,1.8700000000000003,2.25,0.0,2250.0,12000.0,0.0
MSFT,2012-03-31,18.700000000000003,1.0,1.8700000000000003,2.25,0.0,2250.0,12000.0,0.0
MSFT,2012-04-30,18.700000000000003,1.0,1.8700000000000003,2.25,0.0,2250.0,12000.0,0.0
MSFT,2012-05-31,18.700000000000003,1.0,1.8700000000000003,2.25,0.0,2250.0,12000.0,0.0
MSFT,2012-06-30,18.700000000000003,1.0,1.8700000000000003,2.25,0.0,2250.0,12000.0,0.0
MSFT,2012-07-31,18.700000000000003,1.0,1.8700000000000003,2.25,0.0,2250.0,12000.0,0.0
MSFT,2012-08-31,18.700000000000003,1.0,1.8700000000000003,2.25,0.0,2250.0,12000.0,0.0
MSFT,2012-09-30,18.700000000000003,1.0,1.8700000000000003,2.25,0.0,2250.0,12000.0,0.0
MSFT,2012-10-31,18.700000000000003,1.0,1.8700000000000003,2.25,0.0,2250.0,12000.0,0.0
MSFT,2012-11-30,18.700000000000003,1.0,1.8700000000000003,2.25,0.0,2250.0,12000.0,0.0
MSFT,2012-12-31,18.700000000000003,1.0,1.8700000000000003,2.25,0.0,2250.0,12000.0,0.0
MSFT,2013-01-31,18.700000000000003,1.0,1.8700000000000003,2.25,0.0,2250.0,12000.0,0.0
MSFT,2013-02-28,18.700000000000003,1.0,1.8700000000000003,2.25,0.0,2250.0,12000.0,0.0
MSFT,2013-03-31,18.700000000000003,1.0,1.8700000000000003,2.25,0.0,2250.0,12000.0,0.0
MSFT,2013-04-30,18.700000000000003,1.0,1.8700000000000003,2.25,0.0,2250.0,12000.0,0.0
MSFT,2013-05-31,18.700000000000003,1.0,1.8700000000000003,2.25,0.0,2250.0,12000.0,0.0
MSFT,2013-06-30,18.700000000000003,1.0,1.8700000000000003,2.25,0.0,2250.0,12000.0,0.0
MSFT,2013-07-31,18.700000000000003,1.0,1.8700000000000003,2.25,0.0,2250.0,12000.0,0.0
MSFT,2013-08-31,18.700000000000003,1.0,1.8700000000000003,2.25,0.0,2250.0,12000.0,0.0
MSFT,2013-09-30,18.700000000000003,1.0,1.8700000000000003,2.25,0.0,2250.0,12000.0,0.0
MSFT,2013-10-31,18.700000000000003,1.0,1.8700000000000003,2.25,0.0,2250.0,12000.0,0.0
MSFT,2013-11-30,18.700000000000003,1.0,1.8700000000000003,2.25,0.0,2250.0,12000.0,0.0
MSFT,2013-12-31,18.700000000000003,1.0,1.8700000000000003,2.25,0.0,2250.0,12000.0,0.0
MSFT,2014-01-31,18.700000000000003,1.0,1.8700000000000003,2.25,0.0,2250.0,12000.0,0.0
MSFT,2014-02-28,18.700000000000003,1.0,1.8700000000000003,2.25,0.0,2250.0,12000.0,0.0
MSFT,2014-03-31,18.700000000000003,1.0,1.8700000000000003,2.25,0.0,2250.0,12000.0,0.0
MSFT,2014-04-30,18.700000000000003,1.0,1.8700000000000003,2.25,0.0,2250.0,12000.0,0.0
MSFT,2014-05-31,18.700000000000003,1.0,1.8700000000000003,2.25,0.0,2250.0,12000.0,0.0
MSFT,2014-06-30,18.700000000000003,1.0,1.8700000000000003,2.25,0.0,2250.0,12000.0,0.0
MSFT,2014-07-31,18.700000000000003,1.0,1.8700000000000003,2.25,0.0,2250.0,12000.0,0.0
MSFT,2014-08-31,18.700000000000003,1.0,1.8700000000000003,2.25,0.0,2250.0,12000.0,0.0
MSFT,2014-09-30,18.700000000000003,1.0,1.8700000000000003,2.25,0.0,2250.0,12000.0,0.0
MSFT,2014-10-31,18.700000000000003,1.0,1.8700000000000003,2.25,0.0,2250.0,12000.0,0.0
MSFT,2014-11-30,18.700000000000003,1.0,1.8700000000000003,2.25,0.0,2250.0,12000.0,0.0
MSFT,2014-12-31,18.700000000000003,1.0,1.8700000000000003,2.25,0.0,2250.0,12000.0,0.0
MSFT,2015-01-31,18.700000000000003,1.0,1.8700000000000003,2.25,0.0,2250.0,12000.0,0.0
MSFT,2015-02-28,18.700000000000003,1.0,1.8700000000000003,2.25,0.0,2250.0,12000.0,0.0
MSFT,2015-03-31,18.700000000000003,1.0,1.8700000000000003,2.25,0.0,2250.0,12000.0,0.0
MSFT,2015-04-30,18.700000000000003,1.0,1.8700000000000003,2.25,0.0,2250.0,12000.0,0.0
MSFT,2015-05-31,18.700000000000003,1.0,1.8700000000000003,2.25,0.0,2250.0,12000.0,0.0
MSFT,2015-06-30,18.700000000000003,1.0,1.8700000000000003,2.25,0.0,2250.0,12000.0,0.0
MSFT,2015-07-31,18.700000000000003,1.0,1.8700000000000003,2.25,0.0,2250.0,12000.0,0.0
MSFT,2015-08-31,18.700000000000003,1.0,1.8700000000000003,2.25,0.0,2250.0,12000.0,0.0
MSFT,2015-09-30,18.700000000000003,1.0,1.8700000000000003,2.25,0.0,2250.0,12000.0,0.0
MSFT,2015-10-31,18.700000000000003,1.0,1.8700000000000003,2.25,0.0,2250.0,12000.0,0.0
MSFT,2015-11-30,18.700000000000003,1.0,1.8700000000000003,2.25,0.0,2250.0,12000.0,0.0
MSFT,2015-12-31,18.700000000000003,1.0,1.8700000000000003,2.25,0.0,2250.0,12000.0,0.0
MSFT,2016-01-31,18.700000000000003,1.0,1.8700000000000003,2.25,0.0,2250.0,12000.0,0.0
MSFT,2016-02-29,18.700000000000003,1.0,1.8700000000000003,2.25,0.0,2250.0,12000.0,0.0
MSFT,2016-03-31,18.700000000000003,1.0,1.8700000000000003,2.25,0.0,2250.0,12000.0,0.0
MSFT,2016-04-30,18.700000000000003,1.0,1.8700000000000003,2.25,0.0,2250.0,12000.0,0.0
MSFT,2016-05-31,18.700000000000003,1.0,1.8700000000000003,2.25,0.0,2250.0,12000.0,0.0
MSFT,2016-06-30,18.700000000000003,1.0,1.8700000000000003,2.25,0.0,2250.0,12000.0,0.0
MSFT,2016-07-31,18.700000000000003,1.0,1.8700000000000003,2.25,0.0,2250.0,12000.0,0.0
MSFT,2016-08-31,18.700000000000003,1.0,1.8700000000000003,2.25,0.0,2250.0,12000.0,0.0
MSFT,2016-09-30,18.700000000000003,1.0,1.8700000000000003,2.25,0.0,2250.0,12000.0,0.0
MSFT,2016-10-31,18.700000000000003,1.0,1.8700000000000003,2.25,0.0,2250.0,12000.0,0.0
MSFT,2016-11-30,18.700000000000003,1.0,1.8700000000000003,2.25,0.0,2250.0,12000.0,0.0
MSFT,2016-12-31,18.700000000000003,1.0,1.8700000000000003,2.25,0.0,2250.0,12000.0,0.0
MSFT,2017-01-31,18.700000000000003,1.0,1.8700000000000003,2.25,0.0,2250.0,12000.0,0.0
MSFT,2017-02-28,18.700000000000003,1.0,1.8700000000000003,2.25,0.0,2250.0,12000.0,0.0
MSFT,2017-03-31,18.700000000000003,1.0,1.8700000000000003,2.25,0.0,2250.0,12000.0,0.0
MSFT,2017-04-30,18.700000000000003,1.0,1.8700000000000003,2.25,0.0,2250.0,12000.0,0.0
MSFT,2017-05-31,18.700000000000003,1.0,1.8700000000000003,2.25,0.0,2250.0,12000.0,0.0
MSFT,2017-06-30,18.700000000000003,1.0,1.8700000000000003,2.25,0.0,2250.0,12000.0,0.0
MSFT,2017-07-31,18.700000000000003,1.0,1.8700000000000003,2.25,0.0,2250.0,12000.0,0.0
MSFT,2017-08-31,18.700000000000003,1.0,1.8700000000000003,2.25,0.0,2250.0,12000.0,0.0
MSFT,2017-09-30,18.700000000000003,1.0,1.8700000000000003,2.25,0.0,2250.0,12000.0,0.0
MSFT,2017-10-31,18.700000000000003,1.0,1.8700000000000003,2.25,0.0,2250.0,12000.0,0.0
MSFT,2017-11-30,18.700000000000003,1.0,1.8700000000000003,2.25,0.0,2250.0,12000.0,0.0
MSFT,2017-12-31,18.700000000000003,1.0,1.8700000000000003,2.25,0.0,2250.0,12000.0,0.0
MSFT,2018-01-31,18.700000000000003,1.0,1.8700000000000003,2.25,0.0,2250.0,12000.0,0.0
MSFT,2018-02-28,18.700000000000003,1.0,1.8700000000000003,2.25,0.0,2250.0,12000.0,0.0
MSFT,2018-03-31,18.700000000000003,1.0,1.8700000000000003,2.25,0.0,2250.0,12000.0,0.0
MSFT,2018-04-30,18.700000000000003,1.0,1.8700000000000003,2.25,0.0,2250.0,12000.0,0.0
MSFT,2018-05-31,18.700000000000003,1.0,1.8700000000000003,2.25,0.0,2250.0,12000.0,0.0
MSFT,2018-06-30,18.700000000000003,1.0,1.8700000000000003,2.25,0.0,2250.0,12000.0,0.0
MSFT,2018-07-31,18.700000000000003,1.0,1.8700000000000003,2.25,0.0,2250.0,12000.0,0.0
MSFT,2018-08-31,18.700000000000003,1.0,1.8700000000000003,2.25,0.0,2250.0,12000.0,0.0
MSFT,2018-09-30,18.700000000000003,1.0,1.8700000000000003,2.25,0.0,2250.0,12000.0,0.0
MSFT,2018-10-31,18.700000000000003,1.0,1.8700000000000003,2.25,0.0,2250.0,12000.0,0.0
MSFT,2018-11-30,18.700000000000003,1.0,1.8700000000000003,2.25,0.0,2250.0,12000.0,0.0
MSFT,2018-12-31,18.700000000000003,1.0,1.8700000000000003,2.25,0.0,2250.0,12000.0,0.0
MSFT,2019-01-31,18.700000000000003,1.0,1.8700000000000003,2.25,0.0,2250.0,12000.0,0.0
MSFT,2019-02-28,18.700000000000003,1.0,1.8700000000000003,2.25,0.0,2250.0,12000.0,0.0
MSFT,2019-03-31,18.700000000000003,1.0,1.8700000000000003,2.25,0.0,2250.0,12000.0,0.0
MSFT,2019-04-30,18.700000000000003,1.0,1.8700000000000003,2.25,0.0,2250.0,12000.0,0.0
MSFT,2019-05-31,18.700000000000003,1.0,1.8700000000000003,2.25,0.0,2250.0,12000.0,0.0
MSFT,2019-06-30,18.700000000000003,1.0,1.8700000000000003,2.25,0.0,2250.0,12000.0,0.0
MSFT,2019-07-31,18.700000000000003,1.0,1.8700000000000003,2.25,0.0,2250.0,12000.0,0.0
MSFT,2019-08-31,18.700000000000003,1.0,1.8700000000000003,2.25,0.0,2250.0,12000.0,0.0
MSFT,2019-09-30,18.700000000000003,1.0,1.8700000000000003,2.25,0.0,2250.0,12000.0,0.0
MSFT,2019-10-31,18.700000000000003,1.0,1.8700000000000003,2.25,0.0,2250.0,12000.0,0.0
MSFT,2019-11-30,18.700000000000003,1.0,1.8700000000000003,2.25,0.0,2250.0,12000.0,0.0
MSFT,2019-12-31,18.700000000000003,1.0,1.8700000000000003,2.25,0.0,2250.0,12000.0,0.0
MSFT,2020-01-31,18.700000000000003,1.0,1.8700000000000003,2.25,0.0,2250.0,12000.0,0.0
MSFT,2020-02-29,18.700000000000003,1.0,1.8700000000000003,2.25,0.0,2250.0,12000.0,0.0
MSFT,2020-03-31,18.700000000000003,1.0,1.8700000000000003,2.25,0.0,2250.0,12000.0,0.0
MSFT,2020-04-30,18.700000000000003,1.0,1.8700000000000003,2.25,0.0,2250.0,12000.0,0.0
MSFT,2020-05-31,18.700000000000003,1.0,1.8700000000000003,2.25,0.0,2250.0,12000.0,0.0
MSFT,2020-06-30,18.700000000000003,1.0,1.8700000000000003,2.25,0.0,2250.0,12000.0,0.0
MSFT,2020-07-31,18.700000000000003,1.0,1.8700000000000003,2.25,0.0,2250.0,12000.0,0.0
MSFT,2020-08-31,18.700000000000003,1.0,1.8700000000000003,2.25,0.0,2250.0,12000.0,0.0
MSFT,2020-09-30,18.700000000000003,1.0,1.8700000000000003,2.25,0.0,2250.0,12000.0,0.0
MSFT,2020-10-31,18.700000000000003,1.0,1.8700000000000003,2.25,0.0,2250.0,12000.0,0.0
MSFT,2020-11-30,18.700000000000003,1.0,1.8700000000000003,2.25,0.0,2250.0,12000.0,0.0
MSFT,2020-12-31,18.700000000000003,1.0,1.8700000000000003,2.25,0.0,2250.0,12000.0,0.0
MSFT,2021-01-31,18.700000000000003,1.0,1.8700000000000003,2.25,0.0,2250.0,12000.0,0.0
MSFT,2021-02-28,18.700000000000003,1.0,1.8700000000000003,2.25,0.0,2250.0,12000.0,0.0
MSFT,2021-03-31,18.700000000000003,1.0,1.8700000000000003,2.25,0.0,2250.0,12000.0,0.0
MSFT,2021-04-30,18.700000000000003,1.0,1.8700000000000003,2.25,0.0,2250.0,12000.0,0.0
MSFT,2021-05-31,18.700000000000003,1.0,1.8700000000000003,2.25,0.0,2250.0,12000.0,0.0
MSFT,2021-06-30,18.700000000000003,1.0,1.8700000000000003,2.25,0.0,2250.0,12000.0,0.0
MSFT,2021-07-31,18.700000000000003,1.0,1.8700000000000003,2.25,0.0,2250.0,12000.0,0.0
MSFT,2021-08-31,18.700000000000003,1.0,1.8700000000000003,2.25,0.0,2250.0,12000.0,0.0
MSFT,2021-09-30,18.700000000000003,1.0,1.8700000000000003,2.25,0.0,2250.0,12000.0,0.0
MSFT,2021-10-31,18.700000000000003,1.0,1.8700000000000003,2.25,0.0,2250.0,12000.0,0.0
MSFT,2021-11-30,18.700000000000003,1.0,1.8700000000000003,2.25,0.0,2250.0,12000.0,0.0
MSFT,2021-12-31,18.700000000000003,1.0,1.8700000000000003,2.25,0.0,2250.0,12000.0,0.0
MSFT,2022-01-31,18.700000000000003,1.0,1.8700000000000003,2.25,0.0,2250.0,12000.0,0.0
MSFT,2022-02-28,18.700000000000003,1.0,1.8700000000000003,2.25,0.0,2250.0,12000.0,0.0
MSFT,2022-03-31,18.700000000000003,1.0,1.8700000000000003,2.25,0.0,2250.0,12000.0,0.0
MSFT,2022-04-30,18.700000000000003,1.0,1.8700000000000003,2.25,0.0,2250.0,12000.0,0.0
MSFT,2022-05-31,18.700000000000003,1.0,1.8700000000000003,2.25,0.0,2250.0,12000.0,0.0
MSFT,2022-06-30,18.700000000000003,1.0,1.8700000000000003,2.25,0.0,2250.0,12000.0,0.0
MSFT,2022-07-31,18.700000000000003,1.0,1.8700000000000003,2.25,0.0,2250.0,12000.0,0.0
MSFT,2022-08-31,18.700000000000003,1.0,1.8700000000000003,2.25,0.0,2250.0,12000.0,0.0
MSFT,2022-09-30,18.700000000000003,1.0,1.8700000000000003,2.25,0.0,2250.0,12000.0,0.0
MSFT,2022-10-31,18.700000000000003,1.0,1.8700000000000003,2.25,0.0,2250.0,12000.0,0.0
MSFT,2022-11-30,18.700000000000003,1.0,1.8700000000000003,2.25,0.0,2250.0,12000.0,0.0
MSFT,2022-12-31,18.700000000000003,1.0,1.8700000000000003,2.25,0.0,2250.0,12000.0,0.0
MSFT,2023-01-31,18.700000000000003,1.0,1.8700000000000003,2.25,0.0,2250.0,12000.0,0.0
MSFT,2023-02-28,18.700000000000003,1.0,1.8700000000000003,2.25,0.0,2250.0,12000.0,0.0
MSFT,2023-03-31,18.700000000000003,1.0,1.8700000000000003,2.25,0.0,2250.0,12000.0,0.0
MSFT,2023-04-30,18.700000000000003,1.0,1.8700000000000003,2.25,0.0,2250.0,12000.0,0.0
MSFT,2023-05-31,18.700000000000003,1.0,1.8700000000000003,2.25,0.0,2250.0,12000.0,0.0
MSFT,2023-06-30,18.700000000000003,1.0,1.8700000000000003,2.25,0.0,2250.0,12000.0,0.0
MSFT,2023-07-31,18.700000000000003,1.0,1.8700000000000003,2.25,0.0,2250.0,12000.0,0.0
MSFT,2023-08-31,18.700000000000003,1.0,1.8700000000000003,2.25,0.0,2250.0,12000.0,0.0
MSFT,2023-09-30,18.700000000000003,1.0,1.8700000000000003,2.25,0.0,2250.0,12000.0,0.0
MSFT,2023-10-31,18.700000000000003,1.0,1.8700000000000003,2.25,0.0,2250.0,12000.0,0.0
MSFT,2023-11-30,18.700000000000003,1.0,1.8700000000000003,2.25,0.0,2250.0,12000.0,0.0
MSFT,2023-12-31,18.700000000000003,1.0,1.8700000000000003,2.25,0.0,2250.0,12000.0,0.0
MSFT,2024-01-31,18.700000000000003,1.0,1.8700000000000003,2.25,0.0,2250.0,12000.0,0.0
MSFT,2024-02-29,18.700000000000003,1.0,1.8700000000000003,2.25,0.0,2250.0,12000.0,0.0
MSFT,2024-03-31,18.700000000000003,1.0,1.8700000000000003,2.25,0.0,2250.0,12000.0,0.0
MSFT,2024-04-30,18.700000000000003,1.0,1.8700000000000003,2.25,0.0,2250.0,12000.0,0.0
MSFT,2024-05-31,18.700000000000003,1.0,1.8700000000000003,2.25,0.0,2250.0,12000.0,0.0
MSFT,2024-06-30,18.700000000000003,1.0,1.8700000000000003,2.25,0.0,2250.0,12000.0,0.0
MSFT,2024-07-31,18.700000000000003,1.0,1.8700000000000003,2.25,0.0,2250.0,12000.0,0.0
MSFT,2024-08-31,18.700000000000003,1.0,1.8700000000000003,2.25,0.0,2250.0,12000.0,0.0
MSFT,2024-09-30,18.700000000000003,1.0,1.8700000000000003,2.25,0.0,2250.0,12000.0,0.0
MSFT,2024-10-31,18.700000000000003,1.0,1.8700000000000003,2.25,0.0,2250.0,12000.0,0.0
MSFT,2024-11-30,18.700000000000003,1.0,1.8700000000000003,2.25,0.0,2250.0,12000.0,0.0
MSFT,2024-12-31,18.700000000000003,1.0,1.8700000000000003,2.25,0.0,2250.0,12000.0,0.0
MSFT,2025-01-31,20.4,1.0,2.04,3.0,33.33333333333333,3000.0,18000.0,50.0
MSFT,2025-02-28,20.4,1.0,2.04,3.0,0.0,3000.0,18000.0,0.0
MSFT,2025-03-31,20.4,1.0,2.04,3.0,0.0,3000.0,18000.0,0.0
MSFT,2025-04-30,20.4,1.0,2.04,3.0,0.0,3000.0,18000.0,0.0
MSFT,2025-05-31,20.4,1.0,2.04,3.0,0.0,3000.0,18000.0,0.0
MSFT,2025-06-30,20.4,1.0,2.04,3.0,0.0,3000.0,18000.0,0.0
MSFT,2025-07-31,20.4,1.0,2.04,3.0,0.0,3000.0,18000.0,0.0
MSFT,2025-08-31,20.4,1.0,2.04,3.0,0.0,3000.0,18000.0,0.0
MSFT,2025-09-30,20.4,1.0,2.04,3.0,0.0,3000.0,18000.0,0.0
MSFT,2025-10-31,20.4,1.0,2.04,3.0,0.0,3000.0,18000.0,0.0
MSFT,2025-11-30,20.4,1.0,2.04,3.0,0.0,3000.0,18000.0,0.0
MSFT,2025-12-31,20.4,1.0,2.04,3.0,0.0,3000.0,18000.0,0.0
XOM,1970-01-31,16.2,1.0,1.6199999999999999,0.96,,960.0,3500.0,
XOM,1970-02-28,16.2,1.0,1.6199999999999999,0.96,0.0,960.0,3500.0,0.0
XOM,1970-03-31,16.2,1.0,1.6199999999999999,0.96,0.0,960.0,3500.0,0.0
XOM,1970-04-30,16.2,1.0,1.6199999999999999,0.96,0.0,960.0,3500.0,0.0
XOM,1970-05-31,16.2,1.0,1.6199999999999999,0.96,0.0,960.0,3500.0,0.0
XOM,1970-06-30,16.2,1.0,1.6199999999999999,0.96,0.0,960.0,3500.0,0.0
XOM,1970-07-31,16.2,1.0,1.6199999999999999,0.96,0.0,960.0,3500.0,0.0
XOM,1970-08-31,16.2,1.0,1.6199999999999999,0.96,0.0,960.0,3500.0,0.0
XOM,1970-09-30,16.2,1.0,1.6199999999999999,0.96,0.0,960.0,3500.0,0.0
XOM,1970-10-31,16.2,1.0,1.6199999999999999,0.96,0.0,960.0,3500.0,0.0
XOM,1970-11-30,16.2,1.0,1.6199999999999999,0.96,0.0,960.0,3500.0,0.0
XOM,1970-12-31,16.2,1.0,1.6199999999999999,0.96,0.0,960.0,3500.0,0.0
XOM,1971-01-31,16.2,1.0,1.6199999999999999,0.96,0.0,960.0,3500.0,0.0
XOM,1971-02-28,16.2,1.0,1.6199999999999999,0.96,0.0,960.0,3500.0,0.0
XOM,1971-03-31,16.2,1.0,1.6199999999999999,0.96,0.0,960.0,3500.0,0.0
XOM,1971-04-30,16.2,1.0,1.6199999999999999,0.96,0.0,960.0,3500.0,0.0
XOM,1971-05-31,16.2,1.0,1.6199999999999999,0.96,0.0,960.0,3500.0,0.0
XOM,1971-06-30,16.2,1.0,1.6199999999999999,0.96,0.0,960.0,3500.0,0.0
XOM,1971-07-31,16.2,1.0,1.6199999999999999,0.96,0.0,960.0,3500.0,0.0
XOM,1971-08-31,16.2,1.0,1.6199999999999999,0.96,0.0,960.0,3500.0,0.0
XOM,1971-09-30,16.2,1.0,1.6199999999999999,0.96,0.0,960.0,3500.0,0.0
XOM,1971-10-31,16.2,1.0,1.6199999999999999,0.96,0.0,960.0,3500.0,0.0
XOM,1971-11-30,16.2,1.0,1.6199999999999999,0.96,0.0,960.0,3500.0,0.0
XOM,1971-12-31,16.2,1.0,1.6199999999999999,0.96,0.0,960.0,3500.0,0.0
XOM,1972-01-31,16.2,1.0,1.6199999999999999,0.96,0.0,960.0,3500.0,0.0
XOM,1972-02-29,16.2,1.0,1.6199999999999999,0.96,0.0,960.0,3500.0,0.0
XOM,1972-03-31,16.2,1.0,1.6199999999999999,0.96,0.0,960.0,3500.0,0.0
XOM,1972-04-30,16.2,1.0,1.6199999999999999,0.96,0.0,960.0,3500.0,0.0
XOM,1972-05-31,16.2,1.0,1.6199999999999999,0.96,0.0,960.0,3500.0,0.0
XOM,1972-06-30,16.2,1.0,1.6199999999999999,0.96,0.0,960.0,3500.0,0.0
XOM,1972-07-31,16.2,1.0,1.6199999999999999,0.96,0.0,960.0,3500.0,0.0
XOM,1972-08-31,16.2,1.0,1.6199999999999999,0.96,0.0,960.0,3500.0,0.0
XOM,1972-09-30,16.2,1.0,1.6199999999999999,0.96,0.0,960.0,3500.0,0.0
XOM,1972-10-31,16.2,1.0,1.6199999999999999,0.96,0.0,960.0,3500.0,0.0
XOM,1972-11-30,16.2,1.0,1.6199999999999999,0.96,0.0,960.0,3500.0,0.0
XOM,1972-12-31,16.2,1.0,1.6199999999999999,0.96,0.0,960.0,3500.0,0.0
XOM,1973-01-31,16.2,1.0,1.6199999999999999,0.96,0.0,960.0,3500.0,0.0
XOM,1973-02-28,16.2,1.0,1.6199999999999999,0.96,0.0,960.0,3500.0,0.0
XOM,1973-03-31,16.2,1.0,1.6199999999999999,0.96,0.0,960.0,3500.0,0.0
XOM,1973-04-30,16.2,1.0,1.6199999999999999,0.96,0.0,960.0,3500.0,0.0
XOM,1973-05-31,16.2,1.0,1.6199999999999999,0.96,0.0,960.0,3500.0,0.0
XOM,1973-06-30,16.2,1.0,1.6199999999999999,0.96,0.0,960.0,3500.0,0.0
XOM,1973-07-31,16.2,1.0,1.6199999999999999,0.96,0.0,960.0,3500.0,0.0
XOM,1973-08-31,16.2,1.0,1.6199999999999999,0.96,0.0,960.0,3500.0,0.0
XOM,1973-09-30,16.2,1.0,1.6199999999999999,0.96,0.0,960.0,3500.0,0.0
XOM,1973-10-31,16.2,1.0,1.6199999999999999,0.96,0.0,960.0,3500.0,0.0
XOM,1973-11-30,16.2,1.0,1.6199999999999999,0.96,0.0,960.0,3500.0,0.0
XOM,1973-12-31,16.2,1.0,1.6199999999999999,0.96,0.0,960.0,3500.0,0.0
XOM,1974-01-31,16.2,1.0,1.6199999999999999,0.96,0.0,960.0,3500.0,0.0
XOM,1974-02-28,16.2,1.0,1.6199999999999999,0.96,0.0,960.0,3500.0,0.0
XOM,1974-03-31,16.2,1.0,1.6199999999999999,0.96,0.0,960.0,3500.0,0.0
XOM,1974-04-30,16.2,1.0,1.6199999999999999,0.96,0.0,960.0,3500.0,0.0
XOM,1974-05-31,16.2,1.0,1.6199999999999999,0.96,0.0,960.0,3500.0,0.0
XOM,1974-06-30,16.2,1.0,1.6199999999999999,0.96,0.0,960.0,3500.0,0.0
XOM,1974-07-31,16.2,1.0,1.6199999999999999,0.96,0.0,960.0,3500.0,0.0
XOM,1974-08-31,16.2,1.0,1.6199999999999999,0.96,0.0,960.0,3500.0,0.0
XOM,1974-09-30,16.2,1.0,1.6199999999999999,0.96,0.0,960.0,3500.0,0.0
XOM,1974-10-31,16.2,1.0,1.6199999999999999,0.96,0.0,960.0,3500.0,0.0
XOM,1974-11-30,16.2,1.0,1.6199999999999999,0.96,0.0,960.0,3500.0,0.0
XOM,1974-12-31,16.2,1.0,1.6199999999999999,0.96,0.0,960.0,3500.0,0.0
XOM,1975-01-31,16.2,1.0,1.6199999999999999,0.96,0.0,960.0,3500.0,0.0
XOM,1975-02-28,16.2,1.0,1.6199999999999999,0.96,0.0,960.0,3500.0,0.0
XOM,1975-03-31,16.2,1.0,1.6199999999999999,0.96,0.0,960.0,3500.0,0.0
XOM,1975-04-30,16.2,1.0,1.6199999999999999,0.96,0.0,960.0,3500.0,0.0
XOM,1975-05-31,16.2,1.0,1.6199999999999999,0.96,0.0,960.0,3500.0,0.0
XOM,1975-06-30,16.2,1.0,1.6199999999999999,0.96,0.0,960.0,3500.0,0.0
XOM,1975-07-31,16.2,1.0,1.6199999999999999,0.96,0.0,960.0,3500.0,0.0
XOM,1975-08-31,16.2,1.0,1.6199999999999999,0.96,0.0,960.0,3500.0,0.0
XOM,1975-09-30,16.2,1.0,1.6199999999999999,0.96,0.0,960.0,3500.0,0.0
XOM,1975-10-31,16.2,1.0,1.6199999999999999,0.96,0.0,960.0,3500.0,0.0
XOM,1975-11-30,16.2,1.0,1.6199999999999999,0.96,0.0,960.0,3500.0,0.0
XOM,1975-12-31,16.2,1.0,1.6199999999999999,0.96,0.0,960.0,3500.0,0.0
XOM,1976-01-31,16.2,1.0,1.6199999999999999,0.96,0.0,960.0,3500.0,0.0
XOM,1976-02-29,16.2,1.0,1.6199999999999999,0.96,0.0,960.0,3500.0,0.0
XOM,1976-03-31,16.2,1.0,1.6199999999999999,0.96,0.0,960.0,3500.0,0.0
XOM,1976-04-30,16.2,1.0,1.6199999999999999,0.96,0.0,960.0,3500.0,0.0
XOM,1976-05-31,16.2,1.0,1.6199999999999999,0.96,0.0,960.0,3500.0,0.0
XOM,1976-06-30,16.2,1.0,1.6199999999999999,0.96,0.0,960.0,3500.0,0.0
XOM,1976-07-31,16.2,1.0,1.6199999999999999,0.96,0.0,960.0,3500.0,0.0
XOM,1976-08-31,16.2,1.0,1.6199999999999999,0.96,0.0,960.0,3500.0,0.0
XOM,1976-09-30,16.2,1.0,1.6199999999999999,0.96,0.0,960.0,3500.0,0.0
XOM,1976-10-31,16.2,1.0,1.6199999999999999,0.96,0.0,960.0,3500.0,0.0
XOM,1976-11-30,16.2,1.0,1.6199999999999999,0.96,0.0,960.0,3500.0,0.0
XOM,1976-12-31,16.2,1.0,1.6199999999999999,0.96,0.0,960.0,3500.0,0.0
XOM,1977-01-31,16.2,1.0,1.6199999999999999,0.96,0.0,960.0,3500.0,0.0
XOM,1977-02-28,16.2,1.0,1.6199999999999999,0.96,0.0,960.0,3500.0,0.0
XOM,1977-03-31,16.2,1.0,1.6199999999999999,0.96,0.0,960.0,3500.0,0.0
XOM,1977-04-30,16.2,1.0,1.6199999999999999,0.96,0.0,960.0,3500.0,0.0
XOM,1977-05-31,16.2,1.0,1.6199999999999999,0.96,0.0,960.0,3500.0,0.0
XOM,1977-06-30,16.2,1.0,1.6199999999999999,0.96,0.0,960.0,3500.0,0.0
XOM,1977-07-31,16.2,1.0,1.6199999999999999,0.96,0.0,960.0,3500.0,0.0
XOM,1977-08-31,16.2,1.0,1.6199999999999999,0.96,0.0,960.0,3500.0,0.0
XOM,1977-09-30,16.2,1.0,1.6199999999999999,0.96,0.0,960.0,3500.0,0.0
XOM,1977-10-31,16.2,1.0,1.6199999999999999,0.96,0.0,960.0,3500.0,0.0
XOM,1977-11-30,16.2,1.0,1.6199999999999999,0.96,0.0,960.0,3500.0,0.0
XOM,1977-12-31,16.2,1.0,1.6199999999999999,0.96,0.0,960.0,3500.0,0.0
XOM,1978-01-31,16.2,1.0,1.6199999999999999,0.96,0.0,960.0,3500.0,0.0
XOM,1978-02-28,16.2,1.0,1.6199999999999999,0.96,0.0,960.0,3500.0,0.0
XOM,1978-03-31,16.2,1.0,1.6199999999999999,0.96,0.0,960.0,3500.0,0.0
XOM,1978-04-30,16.2,1.0,1.6199999999999999,0.96,0.0,960.0,3500.0,0.0
XOM,1978-05-31,16.2,1.0,1.6199999999999999,0.96,0.0,960.0,3500.0,0.0
XOM,1978-06-30,16.2,1.0,1.6199999999999999,0.96,0.0,960.0,3500.0,0.0
XOM,1978-07-31,16.2,1.0,1.6199999999999999,0.96,0.0,960.0,3500.0,0.0
XOM,1978-08-31,16.2,1.0,1.6199999999999999,0.96,0.0,960.0,3500.0,0.0
XOM,1978-09-30,16.2,1.0,1.6199999999999999,0.96,0.0,960.0,3500.0,0.0
XOM,1978-10-31,16.2,1.0,1.6199999999999999,0.96,0.0,960.0,3500.0,0.0
XOM,1978-11-30,16.2,1.0,1.6199999999999999,0.96,0.0,960.0,3500.0,0.0
XOM,1978-12-31,16.2,1.0,1.6199999999999999,0.96,0.0,960.0,3500.0,0.0
XOM,1979-01-31,16.2,1.0,1.6199999999999999,0.96,0.0,960.0,3500.0,0.0
XOM,1979-02-28,16.2,1.0,1.6199999999999999,0.96,0.0,960.0,3500.0,0.0
XOM,1979-03-31,16.2,1.0,1.6199999999999999,0.96,0.0,960.0,3500.0,0.0
XOM,1979-04-30,16.2,1.0,1.6199999999999999,0.96,0.0,960.0,3500.0,0.0
XOM,1979-05-31,16.2,1.0,1.6199999999999999,0.96,0.0,960.0,3500.0,0.0
XOM,1979-06-30,16.2,1.0,1.6199999999999999,0.96,0.0,960.0,3500.0,0.0
XOM,1979-07-31,16.2,1.0,1.6199999999999999,0.96,0.0,960.0,3500.0,0.0
XOM,1979-08-31,16.2,1.0,1.6199999999999999,0.96,0.0,960.0,3500.0,0.0
XOM,1979-09-30,16.2,1.0,1.6199999999999999,0.96,0.0,960.0,3500.0,0.0
XOM,1979-10-31,16.2,1.0,1.6199999999999999,0.96,0.0,960.0,3500.0,0.0
XOM,1979-11-30,16.2,1.0,1.6199999999999999,0.96,0.0,960.0,3500.0,0.0
XOM,1979-12-31,16.2,1.0,1.6199999999999999,0.96,0.0,960.0,3500.0,0.0
XOM,1980-01-31,16.2,1.0,1.6199999999999999,0.96,0.0,960.0,3500.0,0.0
XOM,1980-02-29,16.2,1.0,1.6199999999999999,0.96,0.0,960.0,3500.0,0.0
XOM,1980-03-31,16.2,1.0,1.6199999999999999,0.96,0.0,960.0,3500.0,0.0
XOM,1980-04-30,16.2,1.0,1.6199999999999999,0.96,0.0,960.0,3500.0,0.0
XOM,1980-05-31,16.2,1.0,1.6199999999999999,0.96,0.0,960.0,3500.0,0.0
XOM,1980-06-30,16.2,1.0,1.6199999999999999,0.96,0.0,960.0,3500.0,0.0
XOM,1980-07-31,16.2,1.0,1.6199999999999999,0.96,0.0,960.0,3500.0,0.0
XOM,1980-08-31,16.2,1.0,1.6199999999999999,0.96,0.0,960.0,3500.0,0.0
XOM,1980-09-30,16.2,1.0,1.6199999999999999,0.96,0.0,960.0,3500.0,0.0
XOM,1980-10-31,16.2,1.0,1.6199999999999999,0.96,0.0,960.0,3500.0,0.0
XOM,1980-11-30,16.2,1.0,1.6199999999999999,0.96,0.0,960.0,3500.0,0.0
XOM,1980-12-31,16.2,1.0,1.6199999999999999,0.96,0.0,960.0,3500.0,0.0
XOM,1981-01-31,16.2,1.0,1.6199999999999999,0.96,0.0,960.0,3500.0,0.0
XOM,1981-02-28,16.2,1.0,1.6199999999999999,0.96,0.0,960.0,3500.0,0.0
XOM,1981-03-31,16.2,1.0,1.6199999999999999,0.96,0.0,960.0,3500.0,0.0
XOM,1981-04-30,16.2,1.0,1.6199999999999999,0.96,0.0,960.0,3500.0,0.0
XOM,1981-05-31,16.2,1.0,1.6199999999999999,0.96,0.0,960.0,3500.0,0.0
XOM,1981-06-30,16.2,1.0,1.6199999999999999,0.96,0.0,960.0,3500.0,0.0
XOM,1981-07-31,16.2,1.0,1.6199999999999999,0.96,0.0,960.0,3500.0,0.0
XOM,1981-08-31,16.2,1.0,1.6199999999999999,0.96,0.0,960.0,3500.0,0.0
XOM,1981-09-30,16.2,1.0,1.6199999999999999,0.96,0.0,960.0,3500.0,0.0
XOM,1981-10-31,16.2,1.0,1.6199999999999999,0.96,0.0,960.0,3500.0,0.0
XOM,1981-11-30,16.2,1.0,1.6199999999999999,0.96,0.0,960.0,3500.0,0.0
XOM,1981-12-31,16.2,1.0,1.6199999999999999,0.96,0.0,960.0,3500.0,0.0
XOM,1982-01-31,16.2,1.0,1.6199999999999999,0.96,0.0,960.0,3500.0,0.0
XOM,1982-02-28,16.2,1.0,1.6199999999999999,0.96,0.0,960.0,3500.0,0.0
XOM,1982-03-31,16.2,1.0,1.6199999999999999,0.96,0.0,960.0,3500.0,0.0
XOM,1982-04-30,16.2,1.0,1.6199999999999999,0.96,0.0,960.0,3500.0,0.0
XOM,1982-05-31,16.2,1.0,1.6199999999999999,0.96,0.0,960.0,3500.0,0.0
XOM,1982-06-30,16.2,1.0,1.6199999999999999,0.96,0.0,960.0,3500.0,0.0
XOM,1982-07-31,16.2,1.0,1.6199999999999999,0.96,0.0,960.0,3500.0,0.0
XOM,1982-08-31,16.2,1.0,1.6199999999999999,0.96,0.0,960.0,3500.0,0.0
XOM,1982-09-30,16.2,1.0,1.6199999999999999,0.96,0.0,960.0,3500.0,0.0
XOM,1982-10-31,16.2,1.0,1.6199999999999999,0.96,0.0,960.0,3500.0,0.0
XOM,1982-11-30,16.2,1.0,1.6199999999999999,0.96,0.0,960.0,3500.0,0.0
XOM,1982-12-31,16.2,1.0,1.6199999999999999,0.96,0.0,960.0,3500.0,0.0
XOM,1983-01-31,16.2,1.0,1.6199999999999999,0.96,0.0,960.0,3500.0,0.0
XOM,1983-02-28,16.2,1.0,1.6199999999999999,0.96,0.0,960.0,3500.0,0.0
XOM,1983-03-31,16.2,1.0,1.6199999999999999,0.96,0.0,960.0,3500.0,0.0
XOM,1983-04-30,16.2,1.0,1.6199999999999999,0.96,0.0,960.0,3500.0,0.0
XOM,1983-05-31,16.2,1.0,1.6199999999999999,0.96,0.0,960.0,3500.0,0.0
XOM,1983-06-30,16.2,1.0,1.6199999999999999,0.96,0.0,960.0,3500.0,0.0
XOM,1983-07-31,16.2,1.0,1.6199999999999999,0.96,0.0,960.0,3500.0,0.0
XOM,1983-08-31,16.2,1.0,1.6199999999999999,0.96,0.0,960.0,3500.0,0.0
XOM,1983-09-30,16.2,1.0,1.6199999999999999,0.96,0.0,960.0,3500.0,0.0
XOM,1983-10-31,16.2,1.0,1.6199999999999999,0.96,0.0,960.0,3500.0,0.0
XOM,1983-11-30,16.2,1.0,1.6199999999999999,0.96,0.0,960.0,3500.0,0.0
XOM,1983-12-31,16.2,1.0,1.6199999999999999,0.96,0.0,960.0,3500.0,0.0
XOM,1984-01-31,16.2,1.0,1.6199999999999999,0.96,0.0,960.0,3500.0,0.0
XOM,1984-02-29,16.2,1.0,1.6199999999999999,0.96,0.0,960.0,3500.0,0.0
XOM,1984-03-31,16.2,1.0,1.6199999999999999,0.96,0.0,960.0,3500.0,0.0
XOM,1984-04-30,16.2,1.0,1.6199999999999999,0.96,0.0,960.0,3500.0,0.0
XOM,1984-05-31,16.2,1.0,1.6199999999999999,0.96,0.0,960.0,3500.0,0.0
XOM,1984-06-30,16.2,1.0,1.6199999999999999,0.96,0.0,960.0,3500.0,0.0
XOM,1984-07-31,16.2,1.0,1.6199999999999999,0.96,0.0,960.0,3500.0,0.0
XOM,1984-08-31,16.2,1.0,1.6199999999999999,0.96,0.0,960.0,3500.0,0.0
XOM,1984-09-30,16.2,1.0,1.6199999999999999,0.96,0.0,960.0,3500.0,0.0
XOM,1984-10-31,16.2,1.0,1.6199999999999999,0.96,0.0,960.0,3500.0,0.0
XOM,1984-11-30,16.2,1.0,1.6199999999999999,0.96,0.0,960.0,3500.0,0.0
XOM,1984-12-31,16.2,1.0,1.6199999999999999,0.96,0.0,960.0,3500.0,0.0
XOM,1985-01-31,16.2,1.0,1.6199999999999999,0.96,0.0,960.0,3500.0,0.0
XOM,1985-02-28,16.2,1.0,1.6199999999999999,0.96,0.0,960.0,3500.0,0.0
XOM,1985-03-31,16.2,1.0,1.6199999999999999,0.96,0.0,960.0,3500.0,0.0
XOM,1985-04-30,16.2,1.0,1.6199999999999999,0.96,0.0,960.0,3500.0,0.0
XOM,1985-05-31,16.2,1.0,1.6199999999999999,0.96,0.0,960.0,3500.0,0.0
XOM,1985-06-30,16.2,1.0,1.6199999999999999,0.96,0.0,960.0,3500.0,0.0
XOM,1985-07-31,16.2,1.0,1.6199999999999999,0.96,0.0,960.0,3500.0,0.0
XOM,1985-08-31,16.2,1.0,1.6199999999999999,0.96,0.0,960.0,3500.0,0.0
XOM,1985-09-30,16.2,1.0,1.6199999999999999,0.96,0.0,960.0,3500.0,0.0
XOM,1985-10-31,16.2,1.0,1.6199999999999999,0.96,0.0,960.0,3500.0,0.0
XOM,1985-11-30,16.2,1.0,1.6199999999999999,0.96,0.0,960.0,3500.0,0.0
XOM,1985-12-31,16.2,1.0,1.6199999999999999,0.96,0.0,960.0,3500.0,0.0
XOM,1986-01-31,16.2,1.0,1.6199999999999999,0.96,0.0,960.0,3500.0,0.0
XOM,1986-02-28,16.2,1.0,1.6199999999999999,0.96,0.0,960.0,3500.0,0.0
XOM,1986-03-31,16.2,1.0,1.6199999999999999,0.96,0.0,960.0,3500.0,0.0
XOM,1986-04-30,16.2,1.0,1.6199999999999999,0.96,0.0,960.0,3500.0,0.0
XOM,1986-05-31,16.2,1.0,1.6199999999999999,0.96,0.0,960.0,3500.0,0.0
XOM,1986-06-30,16.2,1.0,1.6199999999999999,0.96,0.0,960.0,3500.0,0.0
XOM,1986-07-31,16.2,1.0,1.6199999999999999,0.96,0.0,960.0,3500.0,0.0
XOM,1986-08-31,16.2,1.0,1.6199999999999999,0.96,0.0,960.0,3500.0,0.0
XOM,1986-09-30,16.2,1.0,1.6199999999999999,0.96,0.0,960.0,3500.0,0.0
XOM,1986-10-31,16.2,1.0,1.6199999999999999,0.96,0.0,960.0,3500.0,0.0
XOM,1986-11-30,16.2,1.0,1.6199999999999999,0.96,0.0,960.0,3500.0,0.0
XOM,1986-12-31,16.2,1.0,1.6199999999999999,0.96,0.0,960.0,3500.0,0.0
XOM,1987-01-31,16.2,1.0,1.6199999999999999,0.96,0.0,960.0,3500.0,0.0
XOM,1987-02-28,16.2,1.0,1.6199999999999999,0.96,0.0,960.0,3500.0,0.0
XOM,1987-03-31,16.2,1.0,1.6199999999999999,0.96,0.0,960.0,3500.0,0.0
XOM,1987-04-30,16.2,1.0,1.6199999999999999,0.96,0.0,960.0,3500.0,0.0
XOM,1987-05-31,16.2,1.0,1.6199999999999999,0.96,0.0,960.0,3500.0,0.0
XOM,1987-06-30,16.2,1.0,1.6199999999999999,0.96,0.0,960.0,3500.0,0.0
XOM,1987-07-31,16.2,1.0,1.6199999999999999,0.96,0.0,960.0,3500.0,0.0
XOM,1987-08-31,16.2,1.0,1.6199999999999999,0.96,0.0,960.0,3500.0,0.0
XOM,1987-09-30,16.2,1.0,1.6199999999999999,0.96,0.0,960.0,3500.0,0.0
XOM,1987-10-31,16.2,1.0,1.6199999999999999,0.96,0.0,960.0,3500.0,0.0
XOM,1987-11-30,16.2,1.0,1.6199999999999999,0.96,0.0,960.0,3500.0,0.0
XOM,1987-12-31,16.2,1.0,1.6199999999999999,0.96,0.0,960.0,3500.0,0.0
XOM,1988-01-31,16.2,1.0,1.6199999999999999,0.96,0.0,960.0,3500.0,0.0
XOM,1988-02-29,16.2,1.0,1.6199999999999999,0.96,0.0,960.0,3500.0,0.0
XOM,1988-03-31,16.2,1.0,1.6199999999999999,0.96,0.0,960.0,3500.0,0.0
XOM,1988-04-30,16.2,1.0,1.6199999999999999,0.96,0.0,960.0,3500.0,0.0
XOM,1988-05-31,16.2,1.0,1.6199999999999999,0.96,0.0,960.0,3500.0,0.0
XOM,1988-06-30,16.2,1.0,1.6199999999999999,0.96,0.0,960.0,3500.0,0.0
XOM,1988-07-31,16.2,1.0,1.6199999999999999,0.96,0.0,960.0,3500.0,0.0
XOM,1988-08-31,16.2,1.0,1.6199999999999999,0.96,0.0,960.0,3500.0,0.0
XOM,1988-09-30,16.2,1.0,1.6199999999999999,0.96,0.0,960.0,3500.0,0.0
XOM,1988-10-31,16.2,1.0,1.6199999999999999,0.96,0.0,960.0,3500.0,0.0
XOM,1988-11-30,16.2,1.0,1.6199999999999999,0.96,0.0,960.0,3500.0,0.0
XOM,1988-12-31,16.2,1.0,1.6199999999999999,0.96,0.0,960.0,3500.0,0.0
XOM,1989-01-31,16.2,1.0,1.6199999999999999,0.96,0.0,960.0,3500.0,0.0
XOM,1989-02-28,16.2,1.0,1.6199999999999999,0.96,0.0,960.0,3500.0,0.0
XOM,1989-03-31,16.2,1.0,1.6199999999999999,0.96,0.0,960.0,3500.0,0.0
XOM,1989-04-30,16.2,1.0,1.6199999999999999,0.96,0.0,960.0,3500.0,0.0
XOM,1989-05-31,16.2,1.0,1.6199999999999999,0.96,0.0,960.0,3500.0,0.0
XOM,1989-06-30,16.2,1.0,1.6199999999999999,0.96,0.0,960.0,3500.0,0.0
XOM,1989-07-31,16.2,1.0,1.6199999999999999,0.96,0.0,960.0,3500.0,0.0
XOM,1989-08-31,16.2,1.0,1.6199999999999999,0.96,0.0,960.0,3500.0,0.0
XOM,1989-09-30,16.2,1.0,1.6199999999999999,0.96,0.0,960.0,3500.0,0.0
XOM,1989-10-31,16.2,1.0,1.6199999999999999,0.96,0.0,960.0,3500.0,0.0
XOM,1989-11-30,16.2,1.0,1.6199999999999999,0.96,0.0,960.0,3500.0,0.0
XOM,1989-12-31,16.2,1.0,1.6199999999999999,0.96,0.0,960.0,3500.0,0.0
XOM,1990-01-31,18.0,1.0,1.8,1.6,66.66666666666667,1600.0,7000.0,100.0
XOM,1990-02-28,18.0,1.0,1.8,1.6,0.0,1600.0,7000.0,0.0
XOM,1990-03-31,18.0,1.0,1.8,1.6,0.0,1600.0,7000.0,0.0
XOM,1990-04-30,18.0,1.0,1.8,1.6,0.0,1600.0,7000.0,0.0
XOM,1990-05-31,18.0,1.0,1.8,1.6,0.0,1600.0,7000.0,0.0
XOM,1990-06-30,18.0,1.0,1.8,1.6,0.0,1600.0,7000.0,0.0
XOM,1990-07-31,18.0,1.0,1.8,1.6,0.0,1600.0,7000.0,0.0
XOM,1990-08-31,18.0,1.0,1.8,1.6,0.0,1600.0,7000.0,0.0
XOM,1990-09-30,18.0,1.0,1.8,1.6,0.0,1600.0,7000.0,0.0
XOM,1990-10-31,18.0,1.0,1.8,1.6,0.0,1600.0,7000.0,0.0
XOM,1990-11-30,18.0,1.0,1.8,1.6,0.0,1600.0,7000.0,0.0
XOM,1990-12-31,18.0,1.0,1.8,1.6,0.0,1600.0,7000.0,0.0
XOM,1991-01-31,18.0,1.0,1.8,1.6,0.0,1600.0,7000.0,0.0
XOM,1991-02-28,18.0,1.0,1.8,1.6,0.0,1600.0,7000.0,0.0
XOM,1991-03-31,18.0,1.0,1.8,1.6,0.0,1600.0,7000.0,0.0
XOM,1991-04-30,18.0,1.0,1.8,1.6,0.0,1600.0,7000.0,0.0
XOM,1991-05-31,18.0,1.0,1.8,1.6,0.0,1600.0,7000.0,0.0
XOM,1991-06-30,18.0,1.0,1.8,1.6,0.0,1600.0,7000.0,0.0
XOM,1991-07-31,18.0,1.0,1.8,1.6,0.0,1600.0,7000.0,0.0
XOM,1991-08-31,18.0,1.0,1.8,1.6,0.0,1600.0,7000.0,0.0
XOM,1991-09-30,18.0,1.0,1.8,1.6,0.0,1600.0,7000.0,0.0
XOM,1991-10-31,18.0,1.0,1.8,1.6,0.0,1600.0,7000.0,0.0
XOM,1991-11-30,18.0,1.0,1.8,1.6,0.0,1600.0,7000.0,0.0
XOM,1991-12-31,18.0,1.0,1.8,1.6,0.0,1600.0,7000.0,0.0
XOM,1992-01-31,18.0,1.0,1.8,1.6,0.0,1600.0,7000.0,0.0
XOM,1992-02-29,18.0,1.0,1.8,1.6,0.0,1600.0,7000.0,0.0
XOM,1992-03-31,18.0,1.0,1.8,1.6,0.0,1600.0,7000.0,0.0
XOM,1992-04-30,18.0,1.0,1.8,1.6,0.0,1600.0,7000.0,0.0
XOM,1992-05-31,18.0,1.0,1.8,1.6,0.0,1600.0,7000.0,0.0
XOM,1992-06-30,18.0,1.0,1.8,1.6,0.0,1600.0,7000.0,0.0
XOM,1992-07-31,18.0,1.0,1.8,1.6,0.0,1600.0,7000.0,0.0
XOM,1992-08-31,18.0,1.0,1.8,1.6,0.0,1600.0,7000.0,0.0
XOM,1992-09-30,18.0,1.0,1.8,1.6,0.0,1600.0,7000.0,0.0
XOM,1992-10-31,18.0,1.0,1.8,1.6,0.0,1600.0,7000.0,0.0
XOM,1992-11-30,18.0,1.0,1.8,1.6,0.0,1600.0,7000.0,0.0
XOM,1992-12-31,18.0,1.0,1.8,1.6,0.0,1600.0,7000.0,0.0
XOM,1993-01-31,18.0,1.0,1.8,1.6,0.0,1600.0,7000.0,0.0
XOM,1993-02-28,18.0,1.0,1.8,1.6,0.0,1600.0,7000.0,0.0
XOM,1993-03-31,18.0,1.0,1.8,1.6,0.0,1600.0,7000.0,0.0
XOM,1993-04-30,18.0,1.0,1.8,1.6,0.0,1600.0,7000.0,0.0
XOM,1993-05-31,18.0,1.0,1.8,1.6,0.0,1600.0,7000.0,0.0
XOM,1993-06-30,18.0,1.0,1.8,1.6,0.0,1600.0,7000.0,0.0
XOM,1993-07-31,18.0,1.0,1.8,1.6,0.0,1600.0,7000.0,0.0
XOM,1993-08-31,18.0,1.0,1.8,1.6,0.0,1600.0,7000.0,0.0
XOM,1993-09-30,18.0,1.0,1.8,1.6,0.0,1600.0,7000.0,0.0
XOM,1993-10-31,18.0,1.0,1.8,1.6,0.0,1600.0,7000.0,0.0
XOM,1993-11-30,18.0,1.0,1.8,1.6,0.0,1600.0,7000.0,0.0
XOM,1993-12-31,18.0,1.0,1.8,1.6,0.0,1600.0,7000.0,0.0
XOM,1994-01-31,18.0,1.0,1.8,1.6,0.0,1600.0,7000.0,0.0
XOM,1994-02-28,18.0,1.0,1.8,1.6,0.0,1600.0,7000.0,0.0
XOM,1994-03-31,18.0,1.0,1.8,1.6,0.0,1600.0,7000.0,0.0
XOM,1994-04-30,18.0,1.0,1.8,1.6,0.0,1600.0,7000.0,0.0
XOM,1994-05-31,18.0,1.0,1.8,1.6,0.0,1600.0,7000.0,0.0
XOM,1994-06-30,18.0,1.0,1.8,1.6,0.0,1600.0,7000.0,0.0
XOM,1994-07-31,18.0,1.0,1.8,1.6,0.0,1600.0,7000.0,0.0
XOM,1994-08-31,18.0,1.0,1.8,1.6,0.0,1600.0,7000.0,0.0
XOM,1994-09-30,18.0,1.0,1.8,1.6,0.0,1600.0,7000.0,0.0
XOM,1994-10-31,18.0,1.0,1.8,1.6,0.0,1600.0,7000.0,0.0
XOM,1994-11-30,18.0,1.0,1.8,1.6,0.0,1600.0,7000.0,0.0
XOM,1994-12-31,18.0,1.0,1.8,1.6,0.0,1600.0,7000.0,0.0
XOM,1995-01-31,18.0,1.0,1.8,1.6,0.0,1600.0,7000.0,0.0
XOM,1995-02-28,18.0,1.0,1.8,1.6,0.0,1600.0,7000.0,0.0
XOM,1995-03-31,18.0,1.0,1.8,1.6,0.0,1600.0,7000.0,0.0
XOM,1995-04-30,18.0,1.0,1.8,1.6,0.0,1600.0,7000.0,0.0
XOM,1995-05-31,18.0,1.0,1.8,1.6,0.0,1600.0,7000.0,0.0
XOM,1995-06-30,18.0,1.0,1.8,1.6,0.0,1600.0,7000.0,0.0
XOM,1995-07-31,18.0,1.0,1.8,1.6,0.0,1600.0,7000.0,0.0
XOM,1995-08-31,18.0,1.0,1.8,1.6,0.0,1600.0,7000.0,0.0
XOM,1995-09-30,18.0,1.0,1.8,1.6,0.0,1600.0,7000.0,0.0
XOM,1995-10-31,18.0,1.0,1.8,1.6,0.0,1600.0,7000.0,0.0
XOM,1995-11-30,18.0,1.0,1.8,1.6,0.0,1600.0,7000.0,0.0
XOM,1995-12-31,18.0,1.0,1.8,1.6,0.0,1600.0,7000.0,0.0
XOM,1996-01-31,18.0,1.0,1.8,1.6,0.0,1600.0,7000.0,0.0
XOM,1996-02-29,18.0,1.0,1.8,1.6,0.0,1600.0,7000.0,0.0
XOM,1996-03-31,18.0,1.0,1.8,1.6,0.0,1600.0,7000.0,0.0
XOM,1996-04-30,18.0,1.0,1.8,1.6,0.0,1600.0,7000.0,0.0
XOM,1996-05-31,18.0,1.0,1.8,1.6,0.0,1600.0,7000.0,0.0
XOM,1996-06-30,18.0,1.0,1.8,1.6,0.0,1600.0,7000.0,0.0
XOM,1996-07-31,18.0,1.0,1.8,1.6,0.0,1600.0,7000.0,0.0
XOM,1996-08-31,18.0,1.0,1.8,1.6,0.0,1600.0,7000.0,0.0
XOM,1996-09-30,18.0,1.0,1.8,1.6,0.0,1600.0,7000.0,0.0
XOM,1996-10-31,18.0,1.0,1.8,1.6,0.0,1600.0,7000.0,0.0
XOM,1996-11-30,18.0,1.0,1.8,1.6,0.0,1600.0,7000.0,0.0
XOM,1996-12-31,18.0,1.0,1.8,1.6,0.0,1600.0,7000.0,0.0
XOM,1997-01-31,18.0,1.0,1.8,1.6,0.0,1600.0,7000.0,0.0
XOM,1997-02-28,18.0,1.0,1.8,1.6,0.0,1600.0,7000.0,0.0
XOM,1997-03-31,18.0,1.0,1.8,1.6,0.0,1600.0,7000.0,0.0
XOM,1997-04-30,18.0,1.0,1.8,1.6,0.0,1600.0,7000.0,0.0
XOM,1997-05-31,18.0,1.0,1.8,1.6,0.0,1600.0,7000.0,0.0
XOM,1997-06-30,18.0,1.0,1.8,1.6,0.0,1600.0,7000.0,0.0
XOM,1997-07-31,18.0,1.0,1.8,1.6,0.0,1600.0,7000.0,0.0
XOM,1997-08-31,18.0,1.0,1.8,1.6,0.0,1600.0,7000.0,0.0
XOM,1997-09-30,18.0,1.0,1.8,1.6,0.0,1600.0,7000.0,0.0
XOM,1997-10-31,18.0,1.0,1.8,1.6,0.0,1600.0,7000.0,0.0
XOM,1997-11-30,18.0,1.0,1.8,1.6,0.0,1600.0,7000.0,0.0
XOM,1997-12-31,18.0,1.0,1.8,1.6,0.0,1600.0,7000.0,0.0
XOM,1998-01-31,18.0,1.0,1.8,1.6,0.0,1600.0,7000.0,0.0
XOM,1998-02-28,18.0,1.0,1.8,1.6,0.0,1600.0,7000.0,0.0
XOM,1998-03-31,18.0,1.0,1.8,1.6,0.0,1600.0,7000.0,0.0
XOM,1998-04-30,18.0,1.0,1.8,1.6,0.0,1600.0,7000.0,0.0
XOM,1998-05-31,18.0,1.0,1.8,1.6,0.0,1600.0,7000.0,0.0
XOM,1998-06-30,18.0,1.0,1.8,1.6,0.0,1600.0,7000.0,0.0
XOM,1998-07-31,18.0,1.0,1.8,1.6,0.0,1600.0,7000.0,0.0
XOM,1998-08-31,18.0,1.0,1.8,1.6,0.0,1600.0,7000.0,0.0
XOM,1998-09-30,18.0,1.0,1.8,1.6,0.0,1600.0,7000.0,0.0
XOM,1998-10-31,18.0,1.0,1.8,1.6,0.0,1600.0,7000.0,0.0
XOM,1998-11-30,18.0,1.0,1.8,1.6,0.0,1600.0,7000.0,0.0
XOM,1998-12-31,18.0,1.0,1.8,1.6,0.0,1600.0,7000.0,0.0
XOM,1999-01-31,18.0,1.0,1.8,1.6,0.0,1600.0,7000.0,0.0
XOM,1999-02-28,18.0,1.0,1.8,1.6,0.0,1600.0,7000.0,0.0
XOM,1999-03-31,18.0,1.0,1.8,1.6,0.0,1600.0,7000.0,0.0
XOM,1999-04-30,18.0,1.0,1.8,1.6,0.0,1600.0,7000.0,0.0
XOM,1999-05-31,18.0,1.0,1.8,1.6,0.0,1600.0,7000.0,0.0
XOM,1999-06-30,18.0,1.0,1.8,1.6,0.0,1600.0,7000.0,0.0
XOM,1999-07-31,18.0,1.0,1.8,1.6,0.0,1600.0,7000.0,0.0
XOM,1999-08-31,18.0,1.0,1.8,1.6,0.0,1600.0,7000.0,0.0
XOM,1999-09-30,18.0,1.0,1.8,1.6,0.0,1600.0,7000.0,0.0
XOM,1999-10-31,18.0,1.0,1.8,1.6,0.0,1600.0,7000.0,0.0
XOM,1999-11-30,18.0,1.0,1.8,1.6,0.0,1600.0,7000.0,0.0
XOM,1999-12-31,18.0,1.0,1.8,1.6,0.0,1600.0,7000.0,0.0
XOM,2000-01-31,18.0,1.0,1.8,1.6,0.0,1600.0,7000.0,0.0
XOM,2000-02-29,18.0,1.0,1.8,1.6,0.0,1600.0,7000.0,0.0
XOM,2000-03-31,18.0,1.0,1.8,1.6,0.0,1600.0,7000.0,0.0
XOM,2000-04-30,18.0,1.0,1.8,1.6,0.0,1600.0,7000.0,0.0
XOM,2000-05-31,18.0,1.0,1.8,1.6,0.0,1600.0,7000.0,0.0
XOM,2000-06-30,18.0,1.0,1.8,1.6,0.0,1600.0,7000.0,0.0
XOM,2000-07-31,18.0,1.0,1.8,1.6,0.0,1600.0,7000.0,0.0
XOM,2000-08-31,18.0,1.0,1.8,1.6,0.0,1600.0,7000.0,0.0
XOM,2000-09-30,18.0,1.0,1.8,1.6,0.0,1600.0,7000.0,0.0
XOM,2000-10-31,18.0,1.0,1.8,1.6,0.0,1600.0,7000.0,0.0
XOM,2000-11-30,18.0,1.0,1.8,1.6,0.0,1600.0,7000.0,0.0
XOM,2000-12-31,18.0,1.0,1.8,1.6,0.0,1600.0,7000.0,0.0
XOM,2001-01-31,18.0,1.0,1.8,1.6,0.0,1600.0,7000.0,0.0
XOM,2001-02-28,18.0,1.0,1.8,1.6,0.0,1600.0,7000.0,0.0
XOM,2001-03-31,18.0,1.0,1.8,1.6,0.0,1600.0,7000.0,0.0
XOM,2001-04-30,18.0,1.0,1.8,1.6,0.0,1600.0,7000.0,0.0
XOM,2001-05-31,18.0,1.0,1.8,1.6,0.0,1600.0,7000.0,0.0
XOM,2001-06-30,18.0,1.0,1.8,1.6,0.0,1600.0,7000.0,0.0
XOM,2001-07-31,18.0,1.0,1.8,1.6,0.0,1600.0,7000.0,0.0
XOM,2001-08-31,18.0,1.0,1.8,1.6,0.0,1600.0,7000.0,0.0
XOM,2001-09-30,18.0,1.0,1.8,1.6,0.0,1600.0,7000.0,0.0
XOM,2001-10-31,18.0,1.0,1.8,1.6,0.0,1600.0,7000.0,0.0
XOM,2001-11-30,18.0,1.0,1.8,1.6,0.0,1600.0,7000.0,0.0
XOM,2001-12-31,18.0,1.0,1.8,1.6,0.0,1600.0,7000.0,0.0
XOM,2002-01-31,18.0,1.0,1.8,1.6,0.0,1600.0,7000.0,0.0
XOM,2002-02-28,18.0,1.0,1.8,1.6,0.0,1600.0,7000.0,0.0
XOM,2002-03-31,18.0,1.0,1.8,1.6,0.0,1600.0,7000.0,0.0
XOM,2002-04-30,18.0,1.0,1.8,1.6,0.0,1600.0,7000.0,0.0
XOM,2002-05-31,18.0,1.0,1.8,1.6,0.0,1600.0,7000.0,0.0
XOM,2002-06-30,18.0,1.0,1.8,1.6,0.0,1600.0,7000.0,0.0
XOM,2002-07-31,18.0,1.0,1.8,1.6,0.0,1600.0,7000.0,0.0
XOM,2002-08-31,18.0,1.0,1.8,1.6,0.0,1600.0,7000.0,0.0
XOM,2002-09-30,18.0,1.0,1.8,1.6,0.0,1600.0,7000.0,0.0
XOM,2002-10-31,18.0,1.0,1.8,1.6,0.0,1600.0,7000.0,0.0
XOM,2002-11-30,18.0,1.0,1.8,1.6,0.0,1600.0,7000.0,0.0
XOM,2002-12-31,18.0,1.0,1.8,1.6,0.0,1600.0,7000.0,0.0
XOM,2003-01-31,18.0,1.0,1.8,1.6,0.0,1600.0,7000.0,0.0
XOM,2003-02-28,18.0,1.0,1.8,1.6,0.0,1600.0,7000.0,0.0
XOM,2003-03-31,18.0,1.0,1.8,1.6,0.0,1600.0,7000.0,0.0
XOM,2003-04-30,18.0,1.0,1.8,1.6,0.0,1600.0,7000.0,0.0
XOM,2003-05-31,18.0,1.0,1.8,1.6,0.0,1600.0,7000.0,0.0
XOM,2003-06-30,18.0,1.0,1.8,1.6,0.0,1600.0,7000.0,0.0
XOM,2003-07-31,18.0,1.0,1.8,1.6,0.0,1600.0,7000.0,0.0
XOM,2003-08-31,18.0,1.0,1.8,1.6,0.0,1600.0,7000.0,0.0
XOM,2003-09-30,18.0,1.0,1.8,1.6,0.0,1600.0,7000.0,0.0
XOM,2003-10-31,18.0,1.0,1.8,1.6,0.0,1600.0,7000.0,0.0
XOM,2003-11-30,18.0,1.0,1.8,1.6,0.0,1600.0,7000.0,0.0
XOM,2003-12-31,18.0,1.0,1.8,1.6,0.0,1600.0,7000.0,0.0
XOM,2004-01-31,18.0,1.0,1.8,1.6,0.0,1600.0,7000.0,0.0
XOM,2004-02-29,18.0,1.0,1.8,1.6,0.0,1600.0,7000.0,0.0
XOM,2004-03-31,18.0,1.0,1.8,1.6,0.0,1600.0,7000.0,0.0
XOM,2004-04-30,18.0,1.0,1.8,1.6,0.0,1600.0,7000.0,0.0
XOM,2004-05-31,18.0,1.0,1.8,1.6,0.0,1600.0,7000.0,0.0
XOM,2004-06-30,18.0,1.0,1.8,1.6,0.0,1600.0,7000.0,0.0
XOM,2004-07-31,18.0,1.0,1.8,1.6,0.0,1600.0,7000.0,0.0
XOM,2004-08-31,18.0,1.0,1.8,1.6,0.0,1600.0,7000.0,0.0
XOM,2004-09-30,18.0,1.0,1.8,1.6,0.0,1600.0,7000.0,0.0
XOM,2004-10-31,18.0,1.0,1.8,1.6,0.0,1600.0,7000.0,0.0
XOM,2004-11-30,18.0,1.0,1.8,1.6,0.0,1600.0,7000.0,0.0
XOM,2004-12-31,18.0,1.0,1.8,1.6,0.0,1600.0,7000.0,0.0
XOM,2005-01-31,18.0,1.0,1.8,1.6,0.0,1600.0,7000.0,0.0
XOM,2005-02-28,18.0,1.0,1.8,1.6,0.0,1600.0,7000.0,0.0
XOM,2005-03-31,18.0,1.0,1.8,1.6,0.0,1600.0,7000.0,0.0
XOM,2005-04-30,18.0,1.0,1.8,1.6,0.0,1600.0,7000.0,0.0
XOM,2005-05-31,18.0,1.0,1.8,1.6,0.0,1600.0,7000.0,0.0
XOM,2005-06-30,18.0,1.0,1.8,1.6,0.0,1600.0,7000.0,0.0
XOM,2005-07-31,18.0,1.0,1.8,1.6,0.0,1600.0,7000.0,0.0
XOM,2005-08-31,18.0,1.0,1.8,1.6,0.0,1600.0,7000.0,0.0
XOM,2005-09-30,18.0,1.0,1.8,1.6,0.0,1600.0,7000.0,0.0
XOM,2005-10-31,18.0,1.0,1.8,1.6,0.0,1600.0,7000.0,0.0
XOM,2005-11-30,18.0,1.0,1.8,1.6,0.0,1600.0,7000.0,0.0
XOM,2005-12-31,18.0,1.0,1.8,1.6,0.0,1600.0,7000.0,0.0
XOM,2006-01-31,18.0,1.0,1.8,1.6,0.0,1600.0,7000.0,0.0
XOM,2006-02-28,18.0,1.0,1.8,1.6,0.0,1600.0,7000.0,0.0
XOM,2006-03-31,18.0,1.0,1.8,1.6,0.0,1600.0,7000.0,0.0
XOM,2006-04-30,18.0,1.0,1.8,1.6,0.0,1600.0,7000.0,0.0
XOM,2006-05-31,18.0,1.0,1.8,1.6,0.0,1600.0,7000.0,0.0
XOM,2006-06-30,18.0,1.0,1.8,1.6,0.0,1600.0,7000.0,0.0
XOM,2006-07-31,18.0,1.0,1.8,1.6,0.0,1600.0,7000.0,0.0
XOM,2006-08-31,18.0,1.0,1.8,1.6,0.0,1600.0,7000.0,0.0
XOM,2006-09-30,18.0,1.0,1.8,1.6,0.0,1600.0,7000.0,0.0
XOM,2006-10-31,18.0,1.0,1.8,1.6,0.0,1600.0,7000.0,0.0
XOM,2006-11-30,18.0,1.0,1.8,1.6,0.0,1600.0,7000.0,0.0
XOM,2006-12-31,18.0,1.0,1.8,1.6,0.0,1600.0,7000.0,0.0
XOM,2007-01-31,18.0,1.0,1.8,1.6,0.0,1600.0,7000.0,0.0
XOM,2007-02-28,18.0,1.0,1.8,1.6,0.0,1600.0,7000.0,0.0
XOM,2007-03-31,18.0,1.0,1.8,1.6,0.0,1600.0,7000.0,0.0
XOM,2007-04-30,18.0,1.0,1.8,1.6,0.0,1600.0,7000.0,0.0
XOM,2007-05-31,18.0,1.0,1.8,1.6,0.0,1600.0,7000.0,0.0
XOM,2007-06-30,18.0,1.0,1.8,1.6,0.0,1600.0,7000.0,0.0
XOM,2007-07-31,18.0,1.0,1.8,1.6,0.0,1600.0,7000.0,0.0
XOM,2007-08-31,18.0,1.0,1.8,1.6,0.0,1600.0,7000.0,0.0
XOM,2007-09-30,18.0,1.0,1.8,1.6,0.0,1600.0,7000.0,0.0
XOM,2007-10-31,18.0,1.0,1.8,1.6,0.0,1600.0,7000.0,0.0
XOM,2007-11-30,18.0,1.0,1.8,1.6,0.0,1600.0,7000.0,0.0
XOM,2007-12-31,18.0,1.0,1.8,1.6,0.0,1600.0,7000.0,0.0
XOM,2008-01-31,18.0,1.0,1.8,1.6,0.0,1600.0,7000.0,0.0
XOM,2008-02-29,18.0,1.0,1.8,1.6,0.0,1600.0,7000.0,0.0
XOM,2008-03-31,18.0,1.0,1.8,1.6,0.0,1600.0,7000.0,0.0
XOM,2008-04-30,18.0,1.0,1.8,1.6,0.0,1600.0,7000.0,0.0
XOM,2008-05-31,18.0,1.0,1.8,1.6,0.0,1600.0,7000.0,0.0
XOM,2008-06-30,18.0,1.0,1.8,1.6,0.0,1600.0,7000.0,0.0
XOM,2008-07-31,18.0,1.0,1.8,1.6,0.0,1600.0,7000.0,0.0
XOM,2008-08-31,18.0,1.0,1.8,1.6,0.0,1600.0,7000.0,0.0
XOM,2008-09-30,18.0,1.0,1.8,1.6,0.0,1600.0,7000.0,0.0
XOM,2008-10-31,18.0,1.0,1.8,1.6,0.0,1600.0,7000.0,0.0
XOM,2008-11-30,18.0,1.0,1.8,1.6,0.0,1600.0,7000.0,0.0
XOM,2008-12-31,18.0,1.0,1.8,1.6,0.0,1600.0,7000.0,0.0
XOM,2009-01-31,18.0,1.0,1.8,1.6,0.0,1600.0,7000.0,0.0
XOM,2009-02-28,18.0,1.0,1.8,1.6,0.0,1600.0,7000.0,0.0
XOM,2009-03-31,18.0,1.0,1.8,1.6,0.0,1600.0,7000.0,0.0
XOM,2009-04-30,18.0,1.0,1.8,1.6,0.0,1600.0,7000.0,0.0
XOM,2009-05-31,18.0,1.0,1.8,1.6,0.0,1600.0,7000.0,0.0
XOM,2009-06-30,18.0,1.0,1.8,1.6,0.0,1600.0,7000.0,0.0
XOM,2009-07-31,18.0,1.0,1.8,1.6,0.0,1600.0,7000.0,0.0
XOM,2009-08-31,18.0,1.0,1.8,1.6,0.0,1600.0,7000.0,0.0
XOM,2009-09-30,18.0,1.0,1.8,1.6,0.0,1600.0,7000.0,0.0
XOM,2009-10-31,18.0,1.0,1.8,1.6,0.0,1600.0,7000.0,0.0
XOM,2009-11-30,18.0,1.0,1.8,1.6,0.0,1600.0,7000.0,0.0
XOM,2009-12-31,18.0,1.0,1.8,1.6,0.0,1600.0,7000.0,0.0
XOM,2010-01-31,19.8,1.0,1.98,2.4000000000000004,50.00000000000002,2400.0000000000005,14000.0,100.0
XOM,2010-02-28,19.8,1.0,1.98,2.4000000000000004,0.0,2400.0000000000005,14000.0,0.0
XOM,2010-03-31,19.8,1.0,1.98,2.4000000000000004,0.0,2400.0000000000005,14000.0,0.0
XOM,2010-04-30,19.8,1.0,1.98,2.4000000000000004,0.0,2400.0000000000005,14000.0,0.0
XOM,2010-05-31,19.8,1.0,1.98,2.4000000000000004,0.0,2400.0000000000005,14000.0,0.0
XOM,2010-06-30,19.8,1.0,1.98,2.4000000000000004,0.0,2400.0000000000005,14000.0,0.0
XOM,2010-07-31,19.8,1.0,1.98,2.4000000000000004,0.0,2400.0000000000005,14000.0,0.0
XOM,2010-08-31,19.8,1.0,1.98,2.4000000000000004,0.0,2400.0000000000005,14000.0,0.0
XOM,2010-09-30,19.8,1.0,1.98,2.4000000000000004,0.0,2400.0000000000005,14000.0,0.0
XOM,2010-10-31,19.8,1.0,1.98,2.4000000000000004,0.0,2400.0000000000005,14000.0,0.0
XOM,2010-11-30,19.8,1.0,1.98,2.4000000000000004,0.0,2400.0000000000005,14000.0,0.0
XOM,2010-12-31,19.8,1.0,1.98,2.4000000000000004,0.0,2400.0000000000005,14000.0,0.0
XOM,2011-01-31,19.8,1.0,1.98,2.4000000000000004,0.0,2400.0000000000005,14000.0,0.0
XOM,2011-02-28,19.8,1.0,1.98,2.4000000000000004,0.0,2400.0000000000005,14000.0,0.0
XOM,2011-03-31,19.8,1.0,1.98,2.4000000000000004,0.0,2400.0000000000005,14000.0,0.0
XOM,2011-04-30,19.8,1.0,1.98,2.4000000000000004,0.0,2400.0000000000005,14000.0,0.0
XOM,2011-05-31,19.8,1.0,1.98,2.4000000000000004,0.0,2400.0000000000005,14000.0,0.0
XOM,2011-06-30,19.8,1.0,1.98,2.4000000000000004,0.0,2400.0000000000005,14000.0,0.0
XOM,2011-07-31,19.8,1.0,1.98,2.4000000000000004,0.0,2400.0000000000005,14000.0,0.0
XOM,2011-08-31,19.8,1.0,1.98,2.4000000000000004,0.0,2400.0000000000005,14000.0,0.0
XOM,2011-09-30,19.8,1.0,1.98,2.4000000000000004,0.0,2400.0000000000005,14000.0,0.0
XOM,2011-10-31,19.8,1.0,1.98,2.4000000000000004,0.0,2400.0000000000005,14000.0,0.0
XOM,2011-11-30,19.8,1.0,1.98,2.4000000000000004,0.0,2400.0000000000005,14000.0,0.0
XOM,2011-12-31,19.8,1.0,1.98,2.4000000000000004,0.0,2400.0000000000005,14000.0,0.0
XOM,2012-01-31,19.8,1.0,1.98,2.4000000000000004,0.0,2400.0000000000005,14000.0,0.0
XOM,2012-02-29,19.8,1.0,1.98,2.4000000000000004,0.0,2400.0000000000005,14000.0,0.0
XOM,2012-03-31,19.8,1.0,1.98,2.4000000000000004,0.0,2400.0000000000005,14000.0,0.0
XOM,2012-04-30,19.8,1.0,1.98,2.4000000000000004,0.0,2400.0000000000005,14000.0,0.0
XOM,2012-05-31,19.8,1.0,1.98,2.4000000000000004,0.0,2400.0000000000005,14000.0,0.0
XOM,2012-06-30,19.8,1.0,1.98,2.4000000000000004,0.0,2400.0000000000005,14000.0,0.0
XOM,2012-07-31,19.8,1.0,1.98,2.4000000000000004,0.0,2400.0000000000005,14000.0,0.0
XOM,2012-08-31,19.8,1.0,1.98,2.4000000000000004,0.0,2400.0000000000005,14000.0,0.0
XOM,2012-09-30,19.8,1.0,1.98,2.4000000000000004,0.0,2400.0000000000005,14000.0,0.0
XOM,2012-10-31,19.8,1.0,1.98,2.4000000000000004,0.0,2400.0000000000005,14000.0,0.0
XOM,2012-11-30,19.8,1.0,1.98,2.4000000000000004,0.0,2400.0000000000005,14000.0,0.0
XOM,2012-12-31,19.8,1.0,1.98,2.4000000000000004,0.0,2400.0000000000005,14000.0,0.0
XOM,2013-01-31,19.8,1.0,1.98,2.4000000000000004,0.0,2400.0000000000005,14000.0,0.0
XOM,2013-02-28,19.8,1.0,1.98,2.4000000000000004,0.0,2400.0000000000005,14000.0,0.0
XOM,2013-03-31,19.8,1.0,1.98,2.4000000000000004,0.0,2400.0000000000005,14000.0,0.0
XOM,2013-04-30,19.8,1.0,1.98,2.4000000000000004,0.0,2400.0000000000005,14000.0,0.0
XOM,2013-05-31,19.8,1.0,1.98,2.4000000000000004,0.0,2400.0000000000005,14000.0,0.0
XOM,2013-06-30,19.8,1.0,1.98,2.4000000000000004,0.0,2400.0000000000005,14000.0,0.0
XOM,2013-07-31,19.8,1.0,1.98,2.4000000000000004,0.0,2400.0000000000005,14000.0,0.0
XOM,2013-08-31,19.8,1.0,1.98,2.4000000000000004,0.0,2400.0000000000005,14000.0,0.0
XOM,2013-09-30,19.8,1.0,1.98,2.4000000000000004,0.0,2400.0000000000005,14000.0,0.0
XOM,2013-10-31,19.8,1.0,1.98,2.4000000000000004,0.0,2400.0000000000005,14000.0,0.0
XOM,2013-11-30,19.8,1.0,1.98,2.4000000000000004,0.0,2400.0000000000005,14000.0,0.0
XOM,2013-12-31,19.8,1.0,1.98,2.4000000000000004,0.0,2400.0000000000005,14000.0,0.0
XOM,2014-01-31,19.8,1.0,1.98,2.4000000000000004,0.0,2400.0000000000005,14000.0,0.0
XOM,2014-02-28,19.8,1.0,1.98,2.4000000000000004,0.0,2400.0000000000005,14000.0,0.0
XOM,2014-03-31,19.8,1.0,1.98,2.4000000000000004,0.0,2400.0000000000005,14000.0,0.0
XOM,2014-04-30,19.8,1.0,1.98,2.4000000000000004,0.0,2400.0000000000005,14000.0,0.0
XOM,2014-05-31,19.8,1.0,1.98,2.4000000000000004,0.0,2400.0000000000005,14000.0,0.0
XOM,2014-06-30,19.8,1.0,1.98,2.4000000000000004,0.0,2400.0000000000005,14000.0,0.0
XOM,2014-07-31,19.8,1.0,1.98,2.4000000000000004,0.0,2400.0000000000005,14000.0,0.0
XOM,2014-08-31,19.8,1.0,1.98,2.4000000000000004,0.0,2400.0000000000005,14000.0,0.0
XOM,2014-09-30,19.8,1.0,1.98,2.4000000000000004,0.0,2400.0000000000005,14000.0,0.0
XOM,2014-10-31,19.8,1.0,1.98,2.4000000000000004,0.0,2400.0000000000005,14000.0,0.0
XOM,2014-11-30,19.8,1.0,1.98,2.4000000000000004,0.0,2400.0000000000005,14000.0,0.0
XOM,2014-12-31,19.8,1.0,1.98,2.4000000000000004,0.0,2400.0000000000005,14000.0,0.0
XOM,2015-01-31,19.8,1.0,1.98,2.4000000000000004,0.0,2400.0000000000005,14000.0,0.0
XOM,2015-02-28,19.8,1.0,1.98,2.4000000000000004,0.0,2400.0000000000005,14000.0,0.0
XOM,2015-03-31,19.8,1.0,1.98,2.4000000000000004,0.0,2400.0000000000005,14000.0,0.0
XOM,2015-04-30,19.8,1.0,1.98,2.4000000000000004,0.0,2400.0000000000005,14000.0,0.0
XOM,2015-05-31,19.8,1.0,1.98,2.4000000000000004,0.0,2400.0000000000005,14000.0,0.0
XOM,2015-06-30,19.8,1.0,1.98,2.4000000000000004,0.0,2400.0000000000005,14000.0,0.0
XOM,2015-07-31,19.8,1.0,1.98,2.4000000000000004,0.0,2400.0000000000005,14000.0,0.0
XOM,2015-08-31,19.8,1.0,1.98,2.4000000000000004,0.0,2400.0000000000005,14000.0,0.0
XOM,2015-09-30,19.8,1.0,1.98,2.4000000000000004,0.0,2400.0000000000005,14000.0,0.0
XOM,2015-10-31,19.8,1.0,1.98,2.4000000000000004,0.0,2400.0000000000005,14000.0,0.0
XOM,2015-11-30,19.8,1.0,1.98,2.4000000000000004,0.0,2400.0000000000005,14000.0,0.0
XOM,2015-12-31,19.8,1.0,1.98,2.4000000000000004,0.0,2400.0000000000005,14000.0,0.0
XOM,2016-01-31,19.8,1.0,1.98,2.4000000000000004,0.0,2400.0000000000005,14000.0,0.0
XOM,2016-02-29,19.8,1.0,1.98,2.4000000000000004,0.0,2400.0000000000005,14000.0,0.0
XOM,2016-03-31,19.8,1.0,1.98,2.4000000000000004,0.0,2400.0000000000005,14000.0,0.0
XOM,2016-04-30,19.8,1.0,1.98,2.4000000000000004,0.0,2400.0000000000005,14000.0,0.0
XOM,2016-05-31,19.8,1.0,1.98,2.4000000000000004,0.0,2400.0000000000005,14000.0,0.0
XOM,2016-06-30,19.8,1.0,1.98,2.4000000000000004,0.0,2400.0000000000005,14000.0,0.0
XOM,2016-07-31,19.8,1.0,1.98,2.4000000000000004,0.0,2400.0000000000005,14000.0,0.0
XOM,2016-08-31,19.8,1.0,1.98,2.4000000000000004,0.0,2400.0000000000005,14000.0,0.0
XOM,2016-09-30,19.8,1.0,1.98,2.4000000000000004,0.0,2400.0000000000005,14000.0,0.0
XOM,2016-10-31,19.8,1.0,1.98,2.4000000000000004,0.0,2400.0000000000005,14000.0,0.0
XOM,2016-11-30,19.8,1.0,1.98,2.4000000000000004,0.0,2400.0000000000005,14000.0,0.0
XOM,2016-12-31,19.8,1.0,1.98,2.4000000000000004,0.0,2400.0000000000005,14000.0,0.0
XOM,2017-01-31,19.8,1.0,1.98,2.4000000000000004,0.0,2400.0000000000005,14000.0,0.0
XOM,2017-02-28,19.8,1.0,1.98,2.4000000000000004,0.0,2400.0000000000005,14000.0,0.0
XOM,2017-03-31,19.8,1.0,1.98,2.4000000000000004,0.0,2400.0000000000005,14000.0,0.0
XOM,2017-04-30,19.8,1.0,1.98,2.4000000000000004,0.0,2400.0000000000005,14000.0,0.0
XOM,2017-05-31,19.8,1.0,1.98,2.4000000000000004,0.0,2400.0000000000005,14000.0,0.0
XOM,2017-06-30,19.8,1.0,1.98,2.4000000000000004,0.0,2400.0000000000005,14000.0,0.0
XOM,2017-07-31,19.8,1.0,1.98,2.4000000000000004,0.0,2400.0000000000005,14000.0,0.0
XOM,2017-08-31,19.8,1.0,1.98,2.4000000000000004,0.0,2400.0000000000005,14000.0,0.0
XOM,2017-09-30,19.8,1.0,1.98,2.4000000000000004,0.0,2400.0000000000005,14000.0,0.0
XOM,2017-10-31,19.8,1.0,1.98,2.4000000000000004,0.0,2400.0000000000005,14000.0,0.0
XOM,2017-11-30,19.8,1.0,1.98,2.4000000000000004,0.0,2400.0000000000005,14000.0,0.0
XOM,2017-12-31,19.8,1.0,1.98,2.4000000000000004,0.0,2400.0000000000005,14000.0,0.0
XOM,2018-01-31,19.8,1.0,1.98,2.4000000000000004,0.0,2400.0000000000005,14000.0,0.0
XOM,2018-02-28,19.8,1.0,1.98,2.4000000000000004,0.0,2400.0000000000005,14000.0,0.0
XOM,2018-03-31,19.8,1.0,1.98,2.4000000000000004,0.0,2400.0000000000005,14000.0,0.0
XOM,2018-04-30,19.8,1.0,1.98,2.4000000000000004,0.0,2400.0000000000005,14000.0,0.0
XOM,2018-05-31,19.8,1.0,1.98,2.4000000000000004,0.0,2400.0000000000005,14000.0,0.0
XOM,2018-06-30,19.8,1.0,1.98,2.4000000000000004,0.0,2400.0000000000005,14000.0,0.0
XOM,2018-07-31,19.8,1.0,1.98,2.4000000000000004,0.0,2400.0000000000005,14000.0,0.0
XOM,2018-08-31,19.8,1.0,1.98,2.4000000000000004,0.0,2400.0000000000005,14000.0,0.0
XOM,2018-09-30,19.8,1.0,1.98,2.4000000000000004,0.0,2400.0000000000005,14000.0,0.0
XOM,2018-10-31,19.8,1.0,1.98,2.4000000000000004,0.0,2400.0000000000005,14000.0,0.0
XOM,2018-11-30,19.8,1.0,1.98,2.4000000000000004,0.0,2400.0000000000005,14000.0,0.0
XOM,2018-12-31,19.8,1.0,1.98,2.4000000000000004,0.0,2400.0000000000005,14000.0,0.0
XOM,2019-01-31,19.8,1.0,1.98,2.4000000000000004,0.0,2400.0000000000005,14000.0,0.0
XOM,2019-02-28,19.8,1.0,1.98,2.4000000000000004,0.0,2400.0000000000005,14000.0,0.0
XOM,2019-03-31,19.8,1.0,1.98,2.4000000000000004,0.0,2400.0000000000005,14000.0,0.0
XOM,2019-04-30,19.8,1.0,1.98,2.4000000000000004,0.0,2400.0000000000005,14000.0,0.0
XOM,2019-05-31,19.8,1.0,1.98,2.4000000000000004,0.0,2400.0000000000005,14000.0,0.0
XOM,2019-06-30,19.8,1.0,1.98,2.4000000000000004,0.0,2400.0000000000005,14000.0,0.0
XOM,2019-07-31,19.8,1.0,1.98,2.4000000000000004,0.0,2400.0000000000005,14000.0,0.0
XOM,2019-08-31,19.8,1.0,1.98,2.4000000000000004,0.0,2400.0000000000005,14000.0,0.0
XOM,2019-09-30,19.8,1.0,1.98,2.4000000000000004,0.0,2400.0000000000005,14000.0,0.0
XOM,2019-10-31,19.8,1.0,1.98,2.4000000000000004,0.0,2400.0000000000005,14000.0,0.0
XOM,2019-11-30,19.8,1.0,1.98,2.4000000000000004,0.0,2400.0000000000005,14000.0,0.0
XOM,2019-12-31,19.8,1.0,1.98,2.4000000000000004,0.0,2400.0000000000005,14000.0,0.0
XOM,2020-01-31,19.8,1.0,1.98,2.4000000000000004,0.0,2400.0000000000005,14000.0,0.0
XOM,2020-02-29,19.8,1.0,1.98,2.4000000000000004,0.0,2400.0000000000005,14000.0,0.0
XOM,2020-03-31,19.8,1.0,1.98,2.4000000000000004,0.0,2400.0000000000005,14000.0,0.0
XOM,2020-04-30,19.8,1.0,1.98,2.4000000000000004,0.0,2400.0000000000005,14000.0,0.0
XOM,2020-05-31,19.8,1.0,1.98,2.4000000000000004,0.0,2400.0000000000005,14000.0,0.0
XOM,2020-06-30,19.8,1.0,1.98,2.4000000000000004,0.0,2400.0000000000005,14000.0,0.0
XOM,2020-07-31,19.8,1.0,1.98,2.4000000000000004,0.0,2400.0000000000005,14000.0,0.0
XOM,2020-08-31,19.8,1.0,1.98,2.4000000000000004,0.0,2400.0000000000005,14000.0,0.0
XOM,2020-09-30,19.8,1.0,1.98,2.4000000000000004,0.0,2400.0000000000005,14000.0,0.0
XOM,2020-10-31,19.8,1.0,1.98,2.4000000000000004,0.0,2400.0000000000005,14000.0,0.0
XOM,2020-11-30,19.8,1.0,1.98,2.4000000000000004,0.0,2400.0000000000005,14000.0,0.0
XOM,2020-12-31,19.8,1.0,1.98,2.4000000000000004,0.0,2400.0000000000005,14000.0,0.0
XOM,2021-01-31,19.8,1.0,1.98,2.4000000000000004,0.0,2400.0000000000005,14000.0,0.0
XOM,2021-02-28,19.8,1.0,1.98,2.4000000000000004,0.0,2400.0000000000005,14000.0,0.0
XOM,2021-03-31,19.8,1.0,1.98,2.4000000000000004,0.0,2400.0000000000005,14000.0,0.0
XOM,2021-04-30,19.8,1.0,1.98,2.4000000000000004,0.0,2400.0000000000005,14000.0,0.0
XOM,2021-05-31,19.8,1.0,1.98,2.4000000000000004,0.0,2400.0000000000005,14000.0,0.0
XOM,2021-06-30,19.8,1.0,1.98,2.4000000000000004,0.0,2400.0000000000005,14000.0,0.0
XOM,2021-07-31,19.8,1.0,1.98,2.4000000000000004,0.0,2400.0000000000005,14000.0,0.0
XOM,2021-08-31,19.8,1.0,1.98,2.4000000000000004,0.0,2400.0000000000005,14000.0,0.0
XOM,2021-09-30,19.8,1.0,1.98,2.4000000000000004,0.0,2400.0000000000005,14000.0,0.0
XOM,2021-10-31,19.8,1.0,1.98,2.4000000000000004,0.0,2400.0000000000005,14000.0,0.0
XOM,2021-11-30,19.8,1.0,1.98,2.4000000000000004,0.0,2400.0000000000005,14000.0,0.0
XOM,2021-12-31,19.8,1.0,1.98,2.4000000000000004,0.0,2400.0000000000005,14000.0,0.0
XOM,2022-01-31,19.8,1.0,1.98,2.4000000000000004,0.0,2400.0000000000005,14000.0,0.0
XOM,2022-02-28,19.8,1.0,1.98,2.4000000000000004,0.0,2400.0000000000005,14000.0,0.0
XOM,2022-03-31,19.8,1.0,1.98,2.4000000000000004,0.0,2400.0000000000005,14000.0,0.0
XOM,2022-04-30,19.8,1.0,1.98,2.4000000000000004,0.0,2400.0000000000005,14000.0,0.0
XOM,2022-05-31,19.8,1.0,1.98,2.4000000000000004,0.0,2400.0000000000005,14000.0,0.0
XOM,2022-06-30,19.8,1.0,1.98,2.4000000000000004,0.0,2400.0000000000005,14000.0,0.0
XOM,2022-07-31,19.8,1.0,1.98,2.4000000000000004,0.0,2400.0000000000005,14000.0,0.0
XOM,2022-08-31,19.8,1.0,1.98,2.4000000000000004,0.0,2400.0000000000005,14000.0,0.0
XOM,2022-09-30,19.8,1.0,1.98,2.4000000000000004,0.0,2400.0000000000005,14000.0,0.0
XOM,2022-10-31,19.8,1.0,1.98,2.4000000000000004,0.0,2400.0000000000005,14000.0,0.0
XOM,2022-11-30,19.8,1.0,1.98,2.4000000000000004,0.0,2400.0000000000005,14000.0,0.0
XOM,2022-12-31,19.8,1.0,1.98,2.4000000000000004,0.0,2400.0000000000005,14000.0,0.0
XOM,2023-01-31,19.8,1.0,1.98,2.4000000000000004,0.0,2400.0000000000005,14000.0,0.0
XOM,2023-02-28,19.8,1.0,1.98,2.4000000000000004,0.0,2400.0000000000005,14000.0,0.0
XOM,2023-03-31,19.8,1.0,1.98,2.4000000000000004,0.0,2400.0000000000005,14000.0,0.0
XOM,2023-04-30,19.8,1.0,1.98,2.4000000000000004,0.0,2400.0000000000005,14000.0,0.0
XOM,2023-05-31,19.8,1.0,1.98,2.4000000000000004,0.0,2400.0000000000005,14000.0,0.0
XOM,2023-06-30,19.8,1.0,1.98,2.4000000000000004,0.0,2400.0000000000005,14000.0,0.0
XOM,2023-07-31,19.8,1.0,1.98,2.4000000000000004,0.0,2400.0000000000005,14000.0,0.0
XOM,2023-08-31,19.8,1.0,1.98,2.4000000000000004,0.0,2400.0000000000005,14000.0,0.0
XOM,2023-09-30,19.8,1.0,1.98,2.4000000000000004,0.0,2400.0000000000005,14000.0,0.0
XOM,2023-10-31,19.8,1.0,1.98,2.4000000000000004,0.0,2400.0000000000005,14000.0,0.0
XOM,2023-11-30,19.8,1.0,1.98,2.4000000000000004,0.0,2400.0000000000005,14000.0,0.0
XOM,2023-12-31,19.8,1.0,1.98,2.4000000000000004,0.0,2400.0000000000005,14000.0,0.0
XOM,2024-01-31,19.8,1.0,1.98,2.4000000000000004,0.0,2400.0000000000005,14000.0,0.0
XOM,2024-02-29,19.8,1.0,1.98,2.4000000000000004,0.0,2400.0000000000005,14000.0,0.0
XOM,2024-03-31,19.8,1.0,1.98,2.4000000000000004,0.0,2400.0000000000005,14000.0,0.0
XOM,2024-04-30,19.8,1.0,1.98,2.4000000000000004,0.0,2400.0000000000005,14000.0,0.0
XOM,2024-05-31,19.8,1.0,1.98,2.4000000000000004,0.0,2400.0000000000005,14000.0,0.0
XOM,2024-06-30,19.8,1.0,1.98,2.4000000000000004,0.0,2400.0000000000005,14000.0,0.0
XOM,2024-07-31,19.8,1.0,1.98,2.4000000000000004,0.0,2400.0000000000005,14000.0,0.0
XOM,2024-08-31,19.8,1.0,1.98,2.4000000000000004,0.0,2400.0000000000005,14000.0,0.0
XOM,2024-09-30,19.8,1.0,1.98,2.4000000000000004,0.0,2400.0000000000005,14000.0,0.0
XOM,2024-10-31,19.8,1.0,1.98,2.4000000000000004,0.0,2400.0000000000005,14000.0,0.0
XOM,2024-11-30,19.8,1.0,1.98,2.4000000000000004,0.0,2400.0000000000005,14000.0,0.0
XOM,2024-12-31,19.8,1.0,1.98,2.4000000000000004,0.0,2400.0000000000005,14000.0,0.0
XOM,2025-01-31,21.599999999999998,1.0,2.1599999999999997,3.2,33.33333333333333,3200.0,21000.0,50.0
XOM,2025-02-28,21.599999999999998,1.0,2.1599999999999997,3.2,0.0,3200.0,21000.0,0.0
XOM,2025-03-31,21.599999999999998,1.0,2.1599999999999997,3.2,0.0,3200.0,21000.0,0.0
XOM,2025-04-30,21.599999999999998,1.0,2.1599999999999997,3.2,0.0,3200.0,21000.0,0.0
XOM,2025-05-31,21.599999999999998,1.0,2.1599999999999997,3.2,0.0,3200.0,21000.0,0.0
XOM,2025-06-30,21.599999999999998,1.0,2.1599999999999997,3.2,0.0,3200.0,21000.0,0.0
XOM,2025-07-31,21.599999999999998,1.0,2.1599999999999997,3.2,0.0,3200.0,21000.0,0.0
XOM,2025-08-31,21.599999999999998,1.0,2.1599999999999997,3.2,0.0,3200.0,21000.0,0.0
XOM,2025-09-30,21.599999999999998,1.0,2.1599999999999997,3.2,0.0,3200.0,21000.0,0.0
XOM,2025-10-31,21.599999999999998,1.0,2.1599999999999997,3.2,0.0,3200.0,21000.0,0.0
XOM,2025-11-30,21.599999999999998,1.0,2.1599999999999997,3.2,0.0,3200.0,21000.0,0.0
XOM,2025-12-31,21.599999999999998,1.0,2.1599999999999997,3.2,0.0,3200.0,21000.0,0.0
